[
  {
    "Rayon": "Épicerie",
    "Libellé produit": "Country store muesli",
    "Marque": "KELLOGG'S",
    "Code Produit": "001800",
    "Température": "Ambiant",
    "Conditionnement": "Par sachet de 2 kg. Colis de 4 sachets. ",
    "Unité de commande": "sachet",
    "Prix": " 16,85 EUR",
    "Prix à l'unité de mesure": "  8,42 EUR / kg",
    "Prix à la portion": " 67,39 EUR / colis",
    "DLC garantie au client": "30 jour(s)"
  },
  {
    "Rayon": "Charcuterie Traiteur",
    "Libellé produit": "Jambon de paris spécial. sandwich vpf",
    "Marque": "MADRANGE",
    "Code Produit": "006148",
    "Température": "Frais",
    "Conditionnement": "Portion de 50 g. Barquette de 10 portions. ",
    "Unité de commande": "barquette",
    "Prix": "  5,81 EUR",
    "Prix à l'unité de mesure": " 11,61 EUR / kg",
    "Prix à la portion": "  0,58 EUR / Portion",
    "DLC garantie au client": "7 jour(s)"
  },
  {
    "Rayon": "Épicerie",
    "Libellé produit": "Chocolat poudre instantané. 32 % cacao. dose de 20 g",
    "Marque": "OKAKAO",
    "Code Produit": "015503",
    "Température": "Ambiant",
    "Conditionnement": "Portion de 20 g. Colis de 100 portions. ",
    "Unité de commande": "colis",
    "Prix": " 15,24 EUR",
    "Prix à l'unité de mesure": "  7,62 EUR / kg",
    "Prix à la portion": "  0,15 EUR / Portion",
    "DLC garantie au client": "30 jour(s)"
  },
  {
    "Rayon": "Accompagnements Assaisonnement",
    "Libellé produit": "Riz long étuvé",
    "Marque": "BEN'S ORIGINAL",
    "Code Produit": "023424",
    "Température": "Ambiant",
    "Conditionnement": "Par sac de 5 kg. Colis de 3 sacs. ",
    "Unité de commande": "sac",
    "Prix": " 24,39 EUR",
    "Prix à l'unité de mesure": "  4,88 EUR / kg",
    "Prix à la portion": " 73,16 EUR / colis",
    "DLC garantie au client": "30 jour(s)"
  },
  {
    "Rayon": "Crèmerie Œufs Fromages",
    "Libellé produit": "Emmental 29 % m.g.",
    "Marque": "ENTREMONT",
    "Code Produit": "056374",
    "Température": "Frais",
    "Conditionnement": "Portion de 16.667 g. Coffret de 30 portions. ",
    "Unité de commande": "coffret",
    "Prix": "  8,58 EUR",
    "Prix à l'unité de mesure": " 17,16 EUR / kg",
    "Prix à la portion": "  0,29 EUR / Portion",
    "DLC garantie au client": "7 jour(s)"
  },
  {
    "Rayon": "Crèmerie Œufs Fromages",
    "Libellé produit": "Camembert 20 % m.g.",
    "Marque": "PRESIDENT",
    "Code Produit": "057653",
    "Température": "Frais",
    "Conditionnement": "Portion de 30 g. Boite de 8 portions. ",
    "Unité de commande": "boite",
    "Prix": "  2,55 EUR",
    "Prix à l'unité de mesure": " 10,64 EUR / kg",
    "Prix à la portion": "  0,32 EUR / Portion",
    "DLC garantie au client": "7 jour(s)"
  },
  {
    "Rayon": "Épicerie",
    "Libellé produit": "Chocolat en poudre 32 % cacao",
    "Marque": "MONBANA",
    "Code Produit": "057992",
    "Température": "Ambiant",
    "Conditionnement": "Portion de 15 g. Colis de 100 portions. ",
    "Unité de commande": "colis",
    "Prix": " 11,22 EUR",
    "Prix à l'unité de mesure": "  7,48 EUR / kg",
    "Prix à la portion": "  0,11 EUR / Portion",
    "DLC garantie au client": "30 jour(s)"
  },
  {
    "Rayon": "Épicerie",
    "Libellé produit": "Nescafé sélection",
    "Marque": "NESCAFE",
    "Code Produit": "059808",
    "Température": "Ambiant",
    "Conditionnement": "Portion de 2 g. Colis de 300 portions. ",
    "Unité de commande": "colis",
    "Prix": " 43,79 EUR",
    "Prix à l'unité de mesure": " 72,99 EUR / kg",
    "Prix à la portion": "  0,15 EUR / Portion",
    "DLC garantie au client": "30 jour(s)"
  },
  {
    "Rayon": "Épicerie",
    "Libellé produit": "Nescafé sélection décaféiné",
    "Marque": "NESCAFE",
    "Code Produit": "059840",
    "Température": "Ambiant",
    "Conditionnement": "Portion de 2 g. Colis de 300 portions. ",
    "Unité de commande": "colis",
    "Prix": " 49,23 EUR",
    "Prix à l'unité de mesure": " 82,06 EUR / kg",
    "Prix à la portion": "  0,16 EUR / Portion",
    "DLC garantie au client": "30 jour(s)"
  },
  {
    "Rayon": "Desserts Glaces",
    "Libellé produit": "Compote de pommes. allégée en sucres. hve",
    "Marque": "ST MAMET",
    "Code Produit": "081836",
    "Température": "Ambiant",
    "Conditionnement": "Portion de 100 g. Colis de 120 portions. ",
    "Unité de commande": "colis",
    "Prix": " 25,33 EUR",
    "Prix à l'unité de mesure": "  2,11 EUR / kg",
    "Prix à la portion": "  0,21 EUR / Portion",
    "DLC garantie au client": "30 jour(s)"
  },
  {
    "Rayon": "Boissons",
    "Libellé produit": "Jus orange pressée",
    "Marque": "ANDROS",
    "Code Produit": 101288,
    "Température": "Frais",
    "Conditionnement": "Bouteille de 1 litre. Colis de 6 bouteilles. ",
    "Unité de commande": "colis",
    "Prix": " 19,80 EUR",
    "Prix à l'unité de mesure": "  3,30 EUR / L",
    "Prix à la portion": "  3,30 EUR / bouteille",
    "DLC garantie au client": "7 jour(s)"
  },
  {
    "Rayon": "Boissons",
    "Libellé produit": "Jus pamplemousse rose",
    "Marque": "ANDROS",
    "Code Produit": 101293,
    "Température": "Frais",
    "Conditionnement": "Bouteille de 1 litre. Colis de 6 bouteilles. ",
    "Unité de commande": "colis",
    "Prix": " 22,48 EUR",
    "Prix à l'unité de mesure": "  3,75 EUR / L",
    "Prix à la portion": "  3,75 EUR / bouteille",
    "DLC garantie au client": "7 jour(s)"
  },
  {
    "Rayon": "Boissons",
    "Libellé produit": "Jus pomme pressee. bouteille de 1 l",
    "Marque": "ANDROS",
    "Code Produit": 101300,
    "Température": "Frais",
    "Conditionnement": "Bouteille de 1 litre. Colis de 6 bouteilles. ",
    "Unité de commande": "colis",
    "Prix": " 22,12 EUR",
    "Prix à l'unité de mesure": "  3,69 EUR / L",
    "Prix à la portion": "  3,69 EUR / bouteille",
    "DLC garantie au client": "7 jour(s)"
  },
  {
    "Rayon": "Pâtisserie Biscuiterie Confiserie",
    "Libellé produit": "Palet breton pur beurre. pièce de 15 g",
    "Marque": "KER CADELAC",
    "Code Produit": 101880,
    "Température": "Ambiant",
    "Conditionnement": "Portion de 15 g. Colis de 240 portions. ",
    "Unité de commande": "colis",
    "Prix": " 33,31 EUR",
    "Prix à l'unité de mesure": "  9,25 EUR / kg",
    "Prix à la portion": "  0,14 EUR / Portion",
    "DLC garantie au client": "30 jour(s)"
  },
  {
    "Rayon": "Crèmerie Œufs Fromages",
    "Libellé produit": "Cantafrais nature. 23 % m.g.",
    "Marque": "BEL",
    "Code Produit": 104059,
    "Température": "Frais",
    "Conditionnement": "Portion de 16.667 g. Coffret de 54 portions. ",
    "Unité de commande": "coffret",
    "Prix": " 10,78 EUR",
    "Prix à l'unité de mesure": " 11,98 EUR / kg",
    "Prix à la portion": "  0,20 EUR / Portion",
    "DLC garantie au client": "7 jour(s)"
  },
  {
    "Rayon": "Boissons",
    "Libellé produit": "Jus d'orange abc avec pulpe",
    "Marque": "PLEIN FRUIT",
    "Code Produit": 104703,
    "Température": "Ambiant",
    "Conditionnement": "Brick de 1 litre. Colis de 6 bricks. ",
    "Unité de commande": "colis",
    "Prix": " 16,31 EUR",
    "Prix à l'unité de mesure": "  2,72 EUR / L",
    "Prix à la portion": "  2,72 EUR / brick",
    "DLC garantie au client": "30 jour(s)"
  },
  {
    "Rayon": "Boissons",
    "Libellé produit": "Jus de pamplemousse",
    "Marque": "PLEIN FRUIT",
    "Code Produit": 104745,
    "Température": "Ambiant",
    "Conditionnement": "Brick de 1 litre. Colis de 6 bricks. ",
    "Unité de commande": "colis",
    "Prix": " 10,57 EUR",
    "Prix à l'unité de mesure": "  1,76 EUR / L",
    "Prix à la portion": "  1,76 EUR / brick",
    "DLC garantie au client": "30 jour(s)"
  },
  {
    "Rayon": "Accompagnements Assaisonnement",
    "Libellé produit": "ketchup",
    "Marque": "HEINZ",
    "Code Produit": 109066,
    "Température": "Ambiant",
    "Conditionnement": "Par flacon de 570 g. Colis de 12 flacons. ",
    "Unité de commande": "flacon",
    "Prix": "  3,08 EUR",
    "Prix à l'unité de mesure": "  5,41 EUR / kg",
    "Prix à la portion": " 36,97 EUR / colis",
    "DLC garantie au client": "30 jour(s)"
  },
  {
    "Rayon": "Desserts Glaces",
    "Libellé produit": "Compote pomme allégée",
    "Marque": "VALADE",
    "Code Produit": 111855,
    "Température": "Ambiant",
    "Conditionnement": "Par boite 4/4 de 850 g. Colis de 12 boites 4/4. ",
    "Unité de commande": "boite 4/4",
    "Prix": "  2,68 EUR",
    "Prix à l'unité de mesure": "  3,16 EUR / kg",
    "Prix à la portion": " 32,20 EUR / colis",
    "DLC garantie au client": "30 jour(s)"
  },
  {
    "Rayon": "Accompagnements Assaisonnement",
    "Libellé produit": "Tagliatelles aux oeufs",
    "Marque": "PANZANI",
    "Code Produit": 115642,
    "Température": "Ambiant",
    "Conditionnement": "Par colis de 5 kg. ",
    "Unité de commande": "colis",
    "Prix": " 25,49 EUR",
    "Prix à l'unité de mesure": "  5,10 EUR / kg",
    "Prix à la portion": "",
    "DLC garantie au client": "30 jour(s)"
  },
  {
    "Rayon": "Crèmerie Œufs Fromages",
    "Libellé produit": "Emmental coeur de meule. 29 % m.g.",
    "Marque": "LA VIE DE CHATEAU",
    "Code Produit": 123406,
    "Température": "Frais",
    "Conditionnement": "Par pièce de 2 kg. Colis de 6 pièces. ",
    "Unité de commande": "pièce",
    "Prix": " 16,73 EUR",
    "Prix à l'unité de mesure": "  8,37 EUR / kg",
    "Prix à la portion": "100,38 EUR / colis",
    "DLC garantie au client": "7 jour(s)"
  },
  {
    "Rayon": "Pâtisserie Biscuiterie Confiserie",
    "Libellé produit": "Madeleine de Commercy. aux oeufs frais",
    "Marque": "ST MICHEL",
    "Code Produit": 130963,
    "Température": "Ambiant",
    "Conditionnement": "Portion de 21 g. Colis de 100 portions. ",
    "Unité de commande": "colis",
    "Prix": " 15,31 EUR",
    "Prix à l'unité de mesure": "  7,29 EUR / kg",
    "Prix à la portion": "  0,15 EUR / Portion",
    "DLC garantie au client": "7 jour(s)"
  },
  {
    "Rayon": "Boissons",
    "Libellé produit": "Eau minérale evian",
    "Marque": "EVIAN",
    "Code Produit": 134080,
    "Température": "Ambiant",
    "Conditionnement": "Bouteille de 1 litre. Colis de 12 bouteilles. ",
    "Unité de commande": "colis",
    "Prix": " 12,77 EUR",
    "Prix à l'unité de mesure": "  1,06 EUR / L",
    "Prix à la portion": "  1,06 EUR / bouteille",
    "DLC garantie au client": "30 jour(s)"
  },
  {
    "Rayon": "Épicerie",
    "Libellé produit": "Marmelade d'orange amère",
    "Marque": "BONNE MAMAN",
    "Code Produit": 141549,
    "Température": "Ambiant",
    "Conditionnement": "Bocal de 370 g. Colis de 6 bocaux. ",
    "Unité de commande": "colis",
    "Prix": " 12,91 EUR",
    "Prix à l'unité de mesure": "  5,81 EUR / kg",
    "Prix à la portion": "  2,15 EUR / bocal",
    "DLC garantie au client": "30 jour(s)"
  },
  {
    "Rayon": "Crèmerie Œufs Fromages",
    "Libellé produit": "Beurre demi sel micropain",
    "Marque": "PRESIDENT",
    "Code Produit": 142778,
    "Température": "Frais",
    "Conditionnement": "Portion de 10 g. Boite de 100 portions. ",
    "Unité de commande": "boite",
    "Prix": " 14,06 EUR",
    "Prix à l'unité de mesure": " 14,06 EUR / kg",
    "Prix à la portion": "  0,14 EUR / Portion",
    "DLC garantie au client": "7 jour(s)"
  },
  {
    "Rayon": "Épicerie",
    "Libellé produit": "Confiture de fraises",
    "Marque": "BONNE MAMAN",
    "Code Produit": 177246,
    "Température": "Ambiant",
    "Conditionnement": "Par bocal de 370 g. Colis de 6 bocaux. ",
    "Unité de commande": "bocal",
    "Prix": "  3,13 EUR",
    "Prix à l'unité de mesure": "  8,47 EUR / kg",
    "Prix à la portion": " 18,79 EUR / colis",
    "DLC garantie au client": "30 jour(s)"
  },
  {
    "Rayon": "Épicerie",
    "Libellé produit": "Confiture d'abricots",
    "Marque": "BONNE MAMAN",
    "Code Produit": 177253,
    "Température": "Ambiant",
    "Conditionnement": "Par bocal de 370 g. Colis de 6 bocaux. ",
    "Unité de commande": "bocal",
    "Prix": "  2,53 EUR",
    "Prix à l'unité de mesure": "  6,85 EUR / kg",
    "Prix à la portion": " 15,20 EUR / colis",
    "DLC garantie au client": "30 jour(s)"
  },
  {
    "Rayon": "Épicerie",
    "Libellé produit": "Confiture 4 fruits rouges",
    "Marque": "BONNE MAMAN",
    "Code Produit": 177261,
    "Température": "Ambiant",
    "Conditionnement": "Bocal de 370 g. Colis de 6 bocaux. ",
    "Unité de commande": "colis",
    "Prix": " 19,04 EUR",
    "Prix à l'unité de mesure": "  8,58 EUR / kg",
    "Prix à la portion": "  3,17 EUR / bocal",
    "DLC garantie au client": "30 jour(s)"
  },
  {
    "Rayon": "Épicerie",
    "Libellé produit": "Confiture de figues violettes",
    "Marque": "BONNE MAMAN",
    "Code Produit": 188953,
    "Température": "Ambiant",
    "Conditionnement": "Par bocal de 370 g. Colis de 6 bocaux. ",
    "Unité de commande": "bocal",
    "Prix": "  2,51 EUR",
    "Prix à l'unité de mesure": "  6,78 EUR / kg",
    "Prix à la portion": " 15,05 EUR / colis",
    "DLC garantie au client": "30 jour(s)"
  },
  {
    "Rayon": "Épicerie",
    "Libellé produit": "Confiture de pêches",
    "Marque": "BONNE MAMAN",
    "Code Produit": 196147,
    "Température": "Ambiant",
    "Conditionnement": "Bocal de 370 g. Colis de 6 bocaux. ",
    "Unité de commande": "colis",
    "Prix": " 13,52 EUR",
    "Prix à l'unité de mesure": "  6,09 EUR / kg",
    "Prix à la portion": "  2,25 EUR / bocal",
    "DLC garantie au client": "30 jour(s)"
  },
  {
    "Rayon": "Crèmerie Œufs Fromages",
    "Libellé produit": "Chèvre long. 20 % m.g.",
    "Marque": "MELUSINE",
    "Code Produit": 196489,
    "Température": "Frais",
    "Conditionnement": "Par pièce de 180 g. Colis de 18 pièces. ",
    "Unité de commande": "pièce",
    "Prix": "  2,04 EUR",
    "Prix à l'unité de mesure": " 11,32 EUR / kg",
    "Prix à la portion": " 36,67 EUR / colis",
    "DLC garantie au client": "7 jour(s)"
  },
  {
    "Rayon": "Crèmerie Œufs Fromages",
    "Libellé produit": "Yaourt muesli bifidus activia. amande quinoa chia",
    "Marque": "ACTIVIA",
    "Code Produit": 204108,
    "Température": "Frais",
    "Conditionnement": "Pot de 170 g. Colis de 6 pots. ",
    "Unité de commande": "colis",
    "Prix": "  7,24 EUR",
    "Prix à l'unité de mesure": "  7,10 EUR / kg",
    "Prix à la portion": "  1,21 EUR / pot",
    "DLC garantie au client": "7 jour(s)"
  },
  {
    "Rayon": "Crèmerie Œufs Fromages",
    "Libellé produit": "Le carré fromage fondu 21%. m.g.",
    "Marque": "PRESIDENT PRO",
    "Code Produit": 204823,
    "Température": "Frais",
    "Conditionnement": "Portion de 16.6 g. Boite de 60 portions. ",
    "Unité de commande": "boite",
    "Prix": " 11,62 EUR",
    "Prix à l'unité de mesure": " 11,66 EUR / kg",
    "Prix à la portion": "  0,19 EUR / Portion",
    "DLC garantie au client": "7 jour(s)"
  },
  {
    "Rayon": "Crèmerie Œufs Fromages",
    "Libellé produit": "Brie 33% m.g.",
    "Marque": "MAUBERT",
    "Code Produit": 205230,
    "Température": "Frais",
    "Conditionnement": "Par pièce de 1 kg. Colis de 2 pièces. ",
    "Unité de commande": "pièce",
    "Prix": "  8,59 EUR",
    "Prix à l'unité de mesure": "  8,59 EUR / kg",
    "Prix à la portion": " 17,18 EUR / colis",
    "DLC garantie au client": "7 jour(s)"
  },
  {
    "Rayon": "Épicerie",
    "Libellé produit": "Pruneaux séchés dénoyautés. calibre 60/70",
    "Marque": "LA PULPE",
    "Code Produit": 205590,
    "Température": "Ambiant",
    "Conditionnement": "Par sachet de 1 kg. Colis de 10 sachets. ",
    "Unité de commande": "sachet",
    "Prix": "  8,73 EUR",
    "Prix à l'unité de mesure": "  8,73 EUR / kg",
    "Prix à la portion": " 87,26 EUR / colis",
    "DLC garantie au client": "30 jour(s)"
  },
  {
    "Rayon": "Boissons",
    "Libellé produit": "Jus multifruits bib",
    "Marque": "ANDROS",
    "Code Produit": 208983,
    "Température": "Frais",
    "Conditionnement": "Par bag in box de 10 litre. ",
    "Unité de commande": "bag in box",
    "Prix": " 31,17 EUR",
    "Prix à l'unité de mesure": "  3,12 EUR / L",
    "Prix à la portion": "",
    "DLC garantie au client": "7 jour(s)"
  },
  {
    "Rayon": "Boissons",
    "Libellé produit": "Ice tea peche. slim",
    "Marque": "LIPTON",
    "Code Produit": 209040,
    "Température": "Ambiant",
    "Conditionnement": "Boite de 330 ml. Colis de 24 boites. ",
    "Unité de commande": "colis",
    "Prix": " 21,60 EUR",
    "Prix à l'unité de mesure": "  2,73 EUR / L",
    "Prix à la portion": "  0,90 EUR / boite",
    "DLC garantie au client": "30 jour(s)"
  },
  {
    "Rayon": "Boissons",
    "Libellé produit": "Coca cola slim",
    "Marque": "COCA COLA",
    "Code Produit": 211383,
    "Température": "Ambiant",
    "Conditionnement": "Boite de 330 ml. Colis de 24 boites. ",
    "Unité de commande": "colis",
    "Prix": " 20,52 EUR",
    "Prix à l'unité de mesure": "  2,59 EUR / L",
    "Prix à la portion": "  0,86 EUR / boite",
    "DLC garantie au client": "30 jour(s)"
  },
  {
    "Rayon": "Boissons",
    "Libellé produit": "Pur jus d orange bib. bag in box de 10 l",
    "Marque": "ANDROS",
    "Code Produit": 212779,
    "Température": "Frais",
    "Conditionnement": "Par bag in box de 10 litre. ",
    "Unité de commande": "bag in box",
    "Prix": " 33,55 EUR",
    "Prix à l'unité de mesure": "  3,36 EUR / L",
    "Prix à la portion": "",
    "DLC garantie au client": "7 jour(s)"
  },
  {
    "Rayon": "Accompagnements Assaisonnement",
    "Libellé produit": "Tabasco rouge",
    "Marque": "TABASCO",
    "Code Produit": 213614,
    "Température": "Ambiant",
    "Conditionnement": "Par bouteille de 60 g. Colis de 12 bouteilles. ",
    "Unité de commande": "bouteille",
    "Prix": "  4,01 EUR",
    "Prix à l'unité de mesure": " 66,83 EUR / kg",
    "Prix à la portion": " 48,12 EUR / colis",
    "DLC garantie au client": "30 jour(s)"
  },
  {
    "Rayon": "Desserts Glaces",
    "Libellé produit": "Pancake 10 cm. pièce de 30 g",
    "Marque": "LE MONDE DES CREPES",
    "Code Produit": 215689,
    "Température": "Surgele",
    "Conditionnement": "Portion de 30 g. Colis de 80 portions. ",
    "Unité de commande": "colis",
    "Prix": " 17,87 EUR",
    "Prix à l'unité de mesure": "  7,44 EUR / kg",
    "Prix à la portion": "  0,22 EUR / Portion",
    "DLC garantie au client": "30 jour(s)"
  },
  {
    "Rayon": "Pâtisserie Biscuiterie Confiserie",
    "Libellé produit": "Madeleine pur beurre aux oeufs",
    "Marque": "ATELIER ST MICHEL",
    "Code Produit": 217403,
    "Température": "Surgele",
    "Conditionnement": "Portion de 45 g. Colis de 70 portions. ",
    "Unité de commande": "colis",
    "Prix": " 31,33 EUR",
    "Prix à l'unité de mesure": "  9,95 EUR / kg",
    "Prix à la portion": "  0,45 EUR / Portion",
    "DLC garantie au client": "30 jour(s)"
  },
  {
    "Rayon": "Épicerie",
    "Libellé produit": "Dattes deglet nour",
    "Marque": "DAURCES",
    "Code Produit": 222786,
    "Température": "Frais",
    "Conditionnement": "Par sac de 1 kg. Colis de 12 sacs. ",
    "Unité de commande": "sac",
    "Prix": "  2,77 EUR",
    "Prix à l'unité de mesure": "  2,77 EUR / kg",
    "Prix à la portion": " 33,19 EUR / colis",
    "DLC garantie au client": "30 jour(s)"
  },
  {
    "Rayon": "Épicerie",
    "Libellé produit": "Figues séchées dépédonculées",
    "Marque": "DAURCES",
    "Code Produit": 226687,
    "Température": "Ambiant",
    "Conditionnement": "Par sachet de 1 kg. Colis de 10 sachets. ",
    "Unité de commande": "sachet",
    "Prix": "  7,52 EUR",
    "Prix à l'unité de mesure": "  7,52 EUR / kg",
    "Prix à la portion": " 75,20 EUR / colis",
    "DLC garantie au client": "30 jour(s)"
  },
  {
    "Rayon": "Équipement Hygiène",
    "Libellé produit": "Bobine 18x27 450 feuilles. 2 plis blanc sans manderin",
    "Marque": "TORK",
    "Code Produit": 227410,
    "Température": "Ambiant",
    "Conditionnement": "Colis de 6 bobines. ",
    "Unité de commande": "colis",
    "Prix": " 20,46 EUR",
    "Prix à l'unité de mesure": "",
    "Prix à la portion": "  3,41 EUR / bobine",
    "DLC garantie au client": ""
  },
  {
    "Rayon": "Charcuterie Traiteur",
    "Libellé produit": "Jambon cuit choix 1/2 lune. découenné dégraissé. tranche de 40 g",
    "Marque": "JEAN FLOCH",
    "Code Produit": 232418,
    "Température": "Frais",
    "Conditionnement": "Portion de 40 g. Barquette de 25 portions. ",
    "Unité de commande": "barquette",
    "Prix": "  7,02 EUR",
    "Prix à l'unité de mesure": "  7,02 EUR / kg",
    "Prix à la portion": "  0,28 EUR / Portion",
    "DLC garantie au client": "7 jour(s)"
  },
  {
    "Rayon": "Pâtisserie Biscuiterie Confiserie",
    "Libellé produit": "pain epice tranché",
    "Marque": "VONDELMOLEN",
    "Code Produit": 239316,
    "Température": "Ambiant",
    "Conditionnement": "Par paquet de 500 g. Colis de 12 paquets. ",
    "Unité de commande": "paquet",
    "Prix": "  1,78 EUR",
    "Prix à l'unité de mesure": "  3,56 EUR / kg",
    "Prix à la portion": " 21,35 EUR / colis",
    "DLC garantie au client": "30 jour(s)"
  },
  {
    "Rayon": "Charcuterie Traiteur",
    "Libellé produit": "Blanc de poulet",
    "Marque": "MADRANGE",
    "Code Produit": 240572,
    "Température": "Frais",
    "Conditionnement": "Portion de 40 g. Sachet de 10 portions. ",
    "Unité de commande": "sachet",
    "Prix": "  5,37 EUR",
    "Prix à l'unité de mesure": " 13,44 EUR / kg",
    "Prix à la portion": "  0,54 EUR / Portion",
    "DLC garantie au client": "5 jour(s)"
  },
  {
    "Rayon": "Boissons",
    "Libellé produit": "Boisson végétale Soja Alpro",
    "Marque": "ALPRO",
    "Code Produit": 241961,
    "Température": "Frais",
    "Conditionnement": "Brick de 1 litre. Colis de 8 bricks. ",
    "Unité de commande": "colis",
    "Prix": " 12,67 EUR",
    "Prix à l'unité de mesure": "  1,58 EUR / L",
    "Prix à la portion": "  1,58 EUR / brick",
    "DLC garantie au client": "7 jour(s)"
  },
  {
    "Rayon": "Crèmerie Œufs Fromages",
    "Libellé produit": "Fromage blanc nature 3% m.g.",
    "Marque": "PAYSAN BRETON",
    "Code Produit": 242026,
    "Température": "Frais",
    "Conditionnement": "Par pot de 1 kg. Colis de 6 pots. ",
    "Unité de commande": "pot",
    "Prix": "  2,77 EUR",
    "Prix à l'unité de mesure": "  2,77 EUR / kg",
    "Prix à la portion": " 16,61 EUR / colis",
    "DLC garantie au client": "7 jour(s)"
  },
  {
    "Rayon": "Crèmerie Œufs Fromages",
    "Libellé produit": "Yaourt sur lit de mûre",
    "Marque": "SAVEUR D'AUTREFOIS",
    "Code Produit": 242713,
    "Température": "Frais",
    "Conditionnement": "Pot de 140 g. Colis de 6 pots. ",
    "Unité de commande": "colis",
    "Prix": "  7,28 EUR",
    "Prix à l'unité de mesure": "  8,66 EUR / kg",
    "Prix à la portion": "  1,21 EUR / pot",
    "DLC garantie au client": "7 jour(s)"
  },
  {
    "Rayon": "Crèmerie Œufs Fromages",
    "Libellé produit": "Yaourt sucré à la vanille. pot en verre de 140 g",
    "Marque": "SAVEUR D'AUTREFOIS",
    "Code Produit": 242714,
    "Température": "Frais",
    "Conditionnement": "Pot de 140 g. Colis de 6 pots. ",
    "Unité de commande": "colis",
    "Prix": "  6,71 EUR",
    "Prix à l'unité de mesure": "  7,99 EUR / kg",
    "Prix à la portion": "  1,12 EUR / pot",
    "DLC garantie au client": "7 jour(s)"
  },
  {
    "Rayon": "Crèmerie Œufs Fromages",
    "Libellé produit": "Yaourt sur lit de mangue. passion",
    "Marque": "SAVEUR D'AUTREFOIS",
    "Code Produit": 242716,
    "Température": "Frais",
    "Conditionnement": "Pot de 140 g. Colis de 6 pots. ",
    "Unité de commande": "colis",
    "Prix": "  6,71 EUR",
    "Prix à l'unité de mesure": "  7,99 EUR / kg",
    "Prix à la portion": "  1,12 EUR / pot",
    "DLC garantie au client": "7 jour(s)"
  },
  {
    "Rayon": "Crèmerie Œufs Fromages",
    "Libellé produit": "Yaourt sur lit de fraise",
    "Marque": "SAVEUR D'AUTREFOIS",
    "Code Produit": 242717,
    "Température": "Frais",
    "Conditionnement": "Pot de 140 g. Colis de 6 pots. ",
    "Unité de commande": "colis",
    "Prix": "  6,71 EUR",
    "Prix à l'unité de mesure": "  7,99 EUR / kg",
    "Prix à la portion": "  1,12 EUR / pot",
    "DLC garantie au client": "7 jour(s)"
  },
  {
    "Rayon": "Crèmerie Œufs Fromages",
    "Libellé produit": "Yaourt sucré au citron. pot en verre de 140 g",
    "Marque": "SAVEUR D'AUTREFOIS",
    "Code Produit": 242720,
    "Température": "Frais",
    "Conditionnement": "Pot de 140 g. Colis de 6 pots. ",
    "Unité de commande": "colis",
    "Prix": "  6,71 EUR",
    "Prix à l'unité de mesure": "  7,99 EUR / kg",
    "Prix à la portion": "  1,12 EUR / pot",
    "DLC garantie au client": "7 jour(s)"
  },
  {
    "Rayon": "Crèmerie Œufs Fromages",
    "Libellé produit": "Fromage blanc 2.8% m.g.",
    "Marque": "ALSACE LAIT",
    "Code Produit": 242741,
    "Température": "Frais",
    "Conditionnement": "Plaque de 400 g. Colis de 6 plaques. Plaque de 4 portions. ",
    "Unité de commande": "colis",
    "Prix": "  6,53 EUR",
    "Prix à l'unité de mesure": "  2,72 EUR / kg",
    "Prix à la portion": "  1,09 EUR / plaque",
    "DLC garantie au client": "7 jour(s)"
  },
  {
    "Rayon": "Charcuterie Traiteur",
    "Libellé produit": "Lardon cru fumé",
    "Marque": "JEAN FLOC'H",
    "Code Produit": 243635,
    "Température": "Frais",
    "Conditionnement": "Par barquette de 1 kg. Colis de 6 barquettes. ",
    "Unité de commande": "barquette",
    "Prix": "  7,18 EUR",
    "Prix à l'unité de mesure": "  7,18 EUR / kg",
    "Prix à la portion": " 43,10 EUR / colis",
    "DLC garantie au client": "7 jour(s)"
  },
  {
    "Rayon": "Charcuterie Traiteur",
    "Libellé produit": "Saucisse petit déjeuner. précuite. pièce de 25 g",
    "Marque": "CHARLES KELLER",
    "Code Produit": 244190,
    "Température": "Frais",
    "Conditionnement": "Portion de 25 g. Paquet de 40 portions. ",
    "Unité de commande": "paquet",
    "Prix": "  9,41 EUR",
    "Prix à l'unité de mesure": "  9,41 EUR / kg",
    "Prix à la portion": "  0,24 EUR / Portion",
    "DLC garantie au client": "7 jour(s)"
  },
  {
    "Rayon": "Pains Viennoiserie Pâtes",
    "Libellé produit": "Demi-baguette précuite 28 cm",
    "Marque": "NEUHAUSER",
    "Code Produit": 247674,
    "Température": "Surgele",
    "Conditionnement": "Portion de 140 g. Colis de 70 portions. ",
    "Unité de commande": "colis",
    "Prix": " 21,17 EUR",
    "Prix à l'unité de mesure": "  2,16 EUR / kg",
    "Prix à la portion": "  0,30 EUR / Portion",
    "DLC garantie au client": "30 jour(s)"
  },
  {
    "Rayon": "Épicerie",
    "Libellé produit": "Confiture de myrtilles. sauvages",
    "Marque": "BONNE MAMAN",
    "Code Produit": 247684,
    "Température": "Ambiant",
    "Conditionnement": "Par bocal de 370 g. Colis de 6 bocaux. ",
    "Unité de commande": "bocal",
    "Prix": "  3,31 EUR",
    "Prix à l'unité de mesure": "  8,94 EUR / kg",
    "Prix à la portion": " 19,85 EUR / colis",
    "DLC garantie au client": "30 jour(s)"
  },
  {
    "Rayon": "Crèmerie Œufs Fromages",
    "Libellé produit": "Fromage blanc nature 3.6% m.g.. bio",
    "Marque": "NOVA",
    "Code Produit": 249516,
    "Température": "Frais",
    "Conditionnement": "Lot de 400 g. Colis de 12 lots. Lot de 4 portions. ",
    "Unité de commande": "colis",
    "Prix": " 20,33 EUR",
    "Prix à l'unité de mesure": "  4,24 EUR / kg",
    "Prix à la portion": "  1,69 EUR / lot",
    "DLC garantie au client": "5 jour(s)"
  },
  {
    "Rayon": "Desserts Glaces",
    "Libellé produit": "Compotée de pomme à la vanille. naturelle",
    "Marque": "BONNE MAMAN",
    "Code Produit": 249840,
    "Température": "Frais",
    "Conditionnement": "Lot de 260 g. Colis de 6 lots. Lot de 2 portions. ",
    "Unité de commande": "colis",
    "Prix": " 13,52 EUR",
    "Prix à l'unité de mesure": "  8,67 EUR / kg",
    "Prix à la portion": "  2,25 EUR / lot",
    "DLC garantie au client": "5 jour(s)"
  },
  {
    "Rayon": "Desserts Glaces",
    "Libellé produit": "Compotée de pommes à la fraise. et framboises subtile fleur de. sureau",
    "Marque": "BONNE MAMAN",
    "Code Produit": 249850,
    "Température": "Frais",
    "Conditionnement": "Lot de 260 g. Colis de 6 lots. Lot de 2 portions. ",
    "Unité de commande": "colis",
    "Prix": " 17,47 EUR",
    "Prix à l'unité de mesure": " 11,20 EUR / kg",
    "Prix à la portion": "  2,91 EUR / lot",
    "DLC garantie au client": "5 jour(s)"
  },
  {
    "Rayon": "Pains Viennoiserie Pâtes",
    "Libellé produit": "Brioche tranchée pur beurre",
    "Marque": "HARRYS FOOD SERVICE",
    "Code Produit": 251966,
    "Température": "Ambiant",
    "Conditionnement": "Par paquet de 500 g. Colis de 7 paquets. ",
    "Unité de commande": "paquet",
    "Prix": "  3,61 EUR",
    "Prix à l'unité de mesure": "  7,23 EUR / kg",
    "Prix à la portion": " 25,29 EUR / colis",
    "DLC garantie au client": "7 jour(s)"
  },
  {
    "Rayon": "Boissons",
    "Libellé produit": "Nectar d'orange avec pulpe. à base de jus concentré",
    "Marque": "PAGO",
    "Code Produit": 252127,
    "Température": "Ambiant",
    "Conditionnement": "Portion de 200 ml. Colis de 12 portions. ",
    "Unité de commande": "colis",
    "Prix": " 12,70 EUR",
    "Prix à l'unité de mesure": "  5,29 EUR / L",
    "Prix à la portion": "  1,06 EUR / Portion",
    "DLC garantie au client": "30 jour(s)"
  },
  {
    "Rayon": "Épicerie",
    "Libellé produit": "Thé noir earl grey excellence. bio",
    "Marque": "BARONNY'S",
    "Code Produit": 252682,
    "Température": "Ambiant",
    "Conditionnement": "Portion de 2 g. Boite de 25 portions. ",
    "Unité de commande": "boite",
    "Prix": "  4,67 EUR",
    "Prix à l'unité de mesure": " 93,44 EUR / kg",
    "Prix à la portion": "  0,19 EUR / Portion",
    "DLC garantie au client": "30 jour(s)"
  },
  {
    "Rayon": "Épicerie",
    "Libellé produit": "Thé vert sencha excellence bio",
    "Marque": "BARONNY'S",
    "Code Produit": 252683,
    "Température": "Ambiant",
    "Conditionnement": "Portion de 2 g. Boite de 25 portions. ",
    "Unité de commande": "boite",
    "Prix": "  4,61 EUR",
    "Prix à l'unité de mesure": " 92,20 EUR / kg",
    "Prix à la portion": "  0,18 EUR / Portion",
    "DLC garantie au client": "30 jour(s)"
  },
  {
    "Rayon": "Épicerie",
    "Libellé produit": "Thé noir breakfast Excellence",
    "Marque": "BARONNY'S",
    "Code Produit": 252684,
    "Température": "Ambiant",
    "Conditionnement": "Portion de 2 g. Boite de 25 portions. ",
    "Unité de commande": "boite",
    "Prix": "  4,22 EUR",
    "Prix à l'unité de mesure": " 84,30 EUR / kg",
    "Prix à la portion": "  0,17 EUR / Portion",
    "DLC garantie au client": "30 jour(s)"
  },
  {
    "Rayon": "Épicerie",
    "Libellé produit": "Miel pops",
    "Marque": "KELLOGG'S",
    "Code Produit": 253006,
    "Température": "Ambiant",
    "Conditionnement": "Par boite de 600 g. Colis de 12 boites. ",
    "Unité de commande": "boite",
    "Prix": "  6,14 EUR",
    "Prix à l'unité de mesure": " 10,23 EUR / kg",
    "Prix à la portion": " 73,67 EUR / colis",
    "DLC garantie au client": "30 jour(s)"
  },
  {
    "Rayon": "Boissons",
    "Libellé produit": "Eau gazeuse Badoit verte. finement pétillante. pet",
    "Marque": "BADOIT",
    "Code Produit": 254078,
    "Température": "Ambiant",
    "Conditionnement": "Bouteille de 1 litre. Colis de 6 bouteilles. ",
    "Unité de commande": "colis",
    "Prix": "  9,66 EUR",
    "Prix à l'unité de mesure": "  1,61 EUR / L",
    "Prix à la portion": "  1,61 EUR / bouteille",
    "DLC garantie au client": "30 jour(s)"
  },
  {
    "Rayon": "Crèmerie Œufs Fromages",
    "Libellé produit": "Oeufs brouilles natures",
    "Marque": "OVOTEAM",
    "Code Produit": 255588,
    "Température": "Frais",
    "Conditionnement": "Par barquette de 500 g. Colis de 8 barquettes. ",
    "Unité de commande": "barquette",
    "Prix": "  4,91 EUR",
    "Prix à l'unité de mesure": "  9,82 EUR / kg",
    "Prix à la portion": " 39,28 EUR / colis",
    "DLC garantie au client": "7 jour(s)"
  },
  {
    "Rayon": "Crèmerie Œufs Fromages",
    "Libellé produit": "Yaourt nature au lait entier. bio. pot de 100 g",
    "Marque": "NOVA",
    "Code Produit": 257343,
    "Température": "Frais",
    "Conditionnement": "Lot de 400 g. Colis de 6 lots. Lot de 4 portions. ",
    "Unité de commande": "colis",
    "Prix": "  6,46 EUR",
    "Prix à l'unité de mesure": "  2,69 EUR / kg",
    "Prix à la portion": "  1,08 EUR / lot",
    "DLC garantie au client": "5 jour(s)"
  },
  {
    "Rayon": "Crèmerie Œufs Fromages",
    "Libellé produit": "Yaourt aux fruits mixés bio. Pot de 100 g",
    "Marque": "NOVA",
    "Code Produit": 257348,
    "Température": "Frais",
    "Conditionnement": "Lot de 400 g. Colis de 6 lots. Lot de 4 portions. ",
    "Unité de commande": "colis",
    "Prix": " 11,10 EUR",
    "Prix à l'unité de mesure": "  4,63 EUR / kg",
    "Prix à la portion": "  1,85 EUR / lot",
    "DLC garantie au client": "5 jour(s)"
  },
  {
    "Rayon": "Pains Viennoiserie Pâtes",
    "Libellé produit": "Pavé multicéréales précuits",
    "Marque": "BRIDOR",
    "Code Produit": 272625,
    "Température": "Surgele",
    "Conditionnement": "Portion de 450 g. Colis de 30 portions. ",
    "Unité de commande": "colis",
    "Prix": " 51,27 EUR",
    "Prix à l'unité de mesure": "  3,80 EUR / kg",
    "Prix à la portion": "  1,71 EUR / Portion",
    "DLC garantie au client": "30 jour(s)"
  },
  {
    "Rayon": "Pâtisserie Biscuiterie Confiserie",
    "Libellé produit": "Mon cake nature",
    "Marque": "KER CADELAC",
    "Code Produit": 286294,
    "Température": "Ambiant",
    "Conditionnement": "Par pièce de 800 g. Colis de 8 pièces. ",
    "Unité de commande": "pièce",
    "Prix": "  3,42 EUR",
    "Prix à l'unité de mesure": "  4,28 EUR / kg",
    "Prix à la portion": " 27,36 EUR / colis",
    "DLC garantie au client": "7 jour(s)"
  },
  {
    "Rayon": "Épicerie",
    "Libellé produit": "Extra fruits muesli pépites. de céréales croustillantes. avec des noix",
    "Marque": "KELLOGG'S",
    "Code Produit": 289358,
    "Température": "Ambiant",
    "Conditionnement": "Par paquet de 1.5 kg. Colis de 4 paquets. ",
    "Unité de commande": "paquet",
    "Prix": " 20,25 EUR",
    "Prix à l'unité de mesure": " 13,50 EUR / kg",
    "Prix à la portion": " 81,00 EUR / colis",
    "DLC garantie au client": "30 jour(s)"
  },
  {
    "Rayon": "Épicerie",
    "Libellé produit": "Canderel en poudre",
    "Marque": "CANDEREL",
    "Code Produit": 295014,
    "Température": "Ambiant",
    "Conditionnement": "Portion de 0.5 g. Colis de 250 portions. ",
    "Unité de commande": "colis",
    "Prix": "  8,10 EUR",
    "Prix à l'unité de mesure": " 64,77 EUR / kg",
    "Prix à la portion": "  0,03 EUR / Portion",
    "DLC garantie au client": "30 jour(s)"
  },
  {
    "Rayon": "Accompagnements Assaisonnement",
    "Libellé produit": "Huile de tournesol",
    "Marque": "TG ECONOMY",
    "Code Produit": 300004,
    "Température": "Ambiant",
    "Conditionnement": "Par bouteille de 1 litre. Colis de 15 bouteilles. ",
    "Unité de commande": "bouteille",
    "Prix": "  2,11 EUR",
    "Prix à l'unité de mesure": "  2,11 EUR / L",
    "Prix à la portion": " 31,61 EUR / colis",
    "DLC garantie au client": "30 jour(s)"
  },
  {
    "Rayon": "Accompagnements Assaisonnement",
    "Libellé produit": "Huile de tournesol",
    "Marque": "TG ECONOMY",
    "Code Produit": 300006,
    "Température": "Ambiant",
    "Conditionnement": "Par bidon de 25 litre. ",
    "Unité de commande": "bidon",
    "Prix": " 54,80 EUR",
    "Prix à l'unité de mesure": "  2,19 EUR / L",
    "Prix à la portion": "",
    "DLC garantie au client": "30 jour(s)"
  },
  {
    "Rayon": "Pains Viennoiserie Pâtes",
    "Libellé produit": "Farine de blé T55",
    "Marque": "TG ECONOMY",
    "Code Produit": 300033,
    "Température": "Ambiant",
    "Conditionnement": "Paquet de 1 kg. Colis de 10 paquets. ",
    "Unité de commande": "colis",
    "Prix": "  8,16 EUR",
    "Prix à l'unité de mesure": "  0,82 EUR / kg",
    "Prix à la portion": "  0,82 EUR / paquet",
    "DLC garantie au client": "30 jour(s)"
  },
  {
    "Rayon": "Charcuterie Traiteur",
    "Libellé produit": "Plaque feuilletée. pur beurre 2.8 mm",
    "Marque": "TG QUALITY",
    "Code Produit": 300079,
    "Température": "Surgele",
    "Conditionnement": "Portion de 700 g. Colis de 14 portions. ",
    "Unité de commande": "colis",
    "Prix": " 55,86 EUR",
    "Prix à l'unité de mesure": "  5,70 EUR / kg",
    "Prix à la portion": "  3,99 EUR / Portion",
    "DLC garantie au client": "30 jour(s)"
  },
  {
    "Rayon": "Épicerie",
    "Libellé produit": "Sucre en morceaux n°7. enveloppé par 2",
    "Marque": "TG QUALITY",
    "Code Produit": 300110,
    "Température": "Ambiant",
    "Conditionnement": "Portion de 5.208 g. Colis de 960 portions. ",
    "Unité de commande": "colis",
    "Prix": " 22,06 EUR",
    "Prix à l'unité de mesure": "  4,41 EUR / kg",
    "Prix à la portion": "  0,02 EUR / Portion",
    "DLC garantie au client": ""
  },
  {
    "Rayon": "Épicerie",
    "Libellé produit": "Sucre en poudre",
    "Marque": "TG QUALITY",
    "Code Produit": 300111,
    "Température": "Ambiant",
    "Conditionnement": "Portion de 8 g. Colis de 625 portions. ",
    "Unité de commande": "colis",
    "Prix": " 15,99 EUR",
    "Prix à l'unité de mesure": "  3,20 EUR / kg",
    "Prix à la portion": "  0,03 EUR / Portion",
    "DLC garantie au client": ""
  },
  {
    "Rayon": "Crèmerie Œufs Fromages",
    "Libellé produit": "Emmental 27% mg",
    "Marque": "TG ECONOMY",
    "Code Produit": 300303,
    "Température": "Frais",
    "Conditionnement": "Par pièce de 3.5 kg. Colis de 3 pièces. ",
    "Unité de commande": "pièce",
    "Prix": " 27,95 EUR",
    "Prix à l'unité de mesure": "  7,99 EUR / kg",
    "Prix à la portion": " 83,84 EUR / colis",
    "DLC garantie au client": "7 jour(s)"
  },
  {
    "Rayon": "Pâtisserie Biscuiterie Confiserie",
    "Libellé produit": "Bonbon accueil fruits. tubo de 1.4 kg",
    "Marque": "TG QUALITY",
    "Code Produit": 300375,
    "Température": "Ambiant",
    "Conditionnement": "Par tubo de 1.4 kg. Colis de 6 tubo. ",
    "Unité de commande": "tubo",
    "Prix": " 10,34 EUR",
    "Prix à l'unité de mesure": "  7,39 EUR / kg",
    "Prix à la portion": " 62,06 EUR / colis",
    "DLC garantie au client": "30 jour(s)"
  },
  {
    "Rayon": "Pâtisserie Biscuiterie Confiserie",
    "Libellé produit": "Bonbon accueil menthe. tubo de 1.4 kg",
    "Marque": "TG QUALITY",
    "Code Produit": 300377,
    "Température": "Ambiant",
    "Conditionnement": "Par tubo de 1.4 kg. Colis de 6 tubo. ",
    "Unité de commande": "tubo",
    "Prix": " 10,19 EUR",
    "Prix à l'unité de mesure": "  7,28 EUR / kg",
    "Prix à la portion": " 61,12 EUR / colis",
    "DLC garantie au client": "30 jour(s)"
  },
  {
    "Rayon": "Charcuterie Traiteur",
    "Libellé produit": "Bacon fumé en tranche de 10 gr. barquette de 50 tranches",
    "Marque": "TG QUALITY",
    "Code Produit": 300445,
    "Température": "Frais",
    "Conditionnement": "Portion de 10 g. Barquette de 50 portions. ",
    "Unité de commande": "barquette",
    "Prix": "  6,26 EUR",
    "Prix à l'unité de mesure": " 12,52 EUR / kg",
    "Prix à la portion": "  0,13 EUR / Portion",
    "DLC garantie au client": "7 jour(s)"
  },
  {
    "Rayon": "Accompagnements Assaisonnement",
    "Libellé produit": "Vinaigre d'alcool blanc 8°",
    "Marque": "TG ECONOMY",
    "Code Produit": 300461,
    "Température": "Ambiant",
    "Conditionnement": "Par bouteille de 1.5 litre. Colis de 12 bouteilles. ",
    "Unité de commande": "bouteille",
    "Prix": "  1,10 EUR",
    "Prix à l'unité de mesure": "  0,74 EUR / L",
    "Prix à la portion": " 13,22 EUR / colis",
    "DLC garantie au client": ""
  },
  {
    "Rayon": "Pains Viennoiserie Pâtes",
    "Libellé produit": "croissant beurre pret à cuire",
    "Marque": "TG ECONOMY",
    "Code Produit": 300614,
    "Température": "Surgele",
    "Conditionnement": "Portion de 55 g. Colis de 110 portions. ",
    "Unité de commande": "colis",
    "Prix": " 28,91 EUR",
    "Prix à l'unité de mesure": "  4,78 EUR / kg",
    "Prix à la portion": "  0,26 EUR / Portion",
    "DLC garantie au client": "30 jour(s)"
  },
  {
    "Rayon": "Pains Viennoiserie Pâtes",
    "Libellé produit": "croissant beurre pret à cuire",
    "Marque": "TG QUALITY",
    "Code Produit": 300616,
    "Température": "Surgele",
    "Conditionnement": "Portion de 70 g. Colis de 60 portions. ",
    "Unité de commande": "colis",
    "Prix": " 25,13 EUR",
    "Prix à l'unité de mesure": "  5,98 EUR / kg",
    "Prix à la portion": "  0,42 EUR / Portion",
    "DLC garantie au client": "30 jour(s)"
  },
  {
    "Rayon": "Pains Viennoiserie Pâtes",
    "Libellé produit": "pain au chocolat pret à cuire",
    "Marque": "TG QUALITY",
    "Code Produit": 300617,
    "Température": "Surgele",
    "Conditionnement": "Portion de 75 g. Colis de 70 portions. ",
    "Unité de commande": "colis",
    "Prix": " 28,41 EUR",
    "Prix à l'unité de mesure": "  5,41 EUR / kg",
    "Prix à la portion": "  0,41 EUR / Portion",
    "DLC garantie au client": "30 jour(s)"
  },
  {
    "Rayon": "Épicerie",
    "Libellé produit": "Café grain vert arabic de. Colombie IGP",
    "Marque": "TG PREMIUM",
    "Code Produit": 300627,
    "Température": "Ambiant",
    "Conditionnement": "Par paquet de 1 kg. Colis de 6 paquets. ",
    "Unité de commande": "paquet",
    "Prix": " 18,81 EUR",
    "Prix à l'unité de mesure": " 18,81 EUR / kg",
    "Prix à la portion": "112,86 EUR / colis",
    "DLC garantie au client": "30 jour(s)"
  },
  {
    "Rayon": "Crèmerie Œufs Fromages",
    "Libellé produit": "Fromage blanc 2.8%",
    "Marque": "TG QUALITY",
    "Code Produit": 300630,
    "Température": "Frais",
    "Conditionnement": "Par seau de 5 kg. ",
    "Unité de commande": "seau",
    "Prix": " 12,90 EUR",
    "Prix à l'unité de mesure": "  2,58 EUR / kg",
    "Prix à la portion": "",
    "DLC garantie au client": "7 jour(s)"
  },
  {
    "Rayon": "Épicerie",
    "Libellé produit": "Chocolat en poudre 32 %",
    "Marque": "TG QUALITY",
    "Code Produit": 300638,
    "Température": "Ambiant",
    "Conditionnement": "Par sachet de 1 kg. Colis de 10 sachets. ",
    "Unité de commande": "sachet",
    "Prix": "  5,49 EUR",
    "Prix à l'unité de mesure": "  5,49 EUR / kg",
    "Prix à la portion": " 54,93 EUR / colis",
    "DLC garantie au client": "30 jour(s)"
  },
  {
    "Rayon": "Pains Viennoiserie Pâtes",
    "Libellé produit": "Mini pain aux raisins beurre. fin - pret à cuire",
    "Marque": "TG QUALITY",
    "Code Produit": 300737,
    "Température": "Surgele",
    "Conditionnement": "Portion de 30 g. Colis de 160 portions. ",
    "Unité de commande": "colis",
    "Prix": " 23,40 EUR",
    "Prix à l'unité de mesure": "  4,87 EUR / kg",
    "Prix à la portion": "  0,15 EUR / Portion",
    "DLC garantie au client": "30 jour(s)"
  },
  {
    "Rayon": "Pains Viennoiserie Pâtes",
    "Libellé produit": "Mini pain au chocolat. beurre fin - pret à cuire",
    "Marque": "TG QUALITY",
    "Code Produit": 300738,
    "Température": "Surgele",
    "Conditionnement": "Portion de 25 g. Colis de 160 portions. ",
    "Unité de commande": "colis",
    "Prix": " 21,51 EUR",
    "Prix à l'unité de mesure": "  5,38 EUR / kg",
    "Prix à la portion": "  0,13 EUR / Portion",
    "DLC garantie au client": "30 jour(s)"
  },
  {
    "Rayon": "Équipement Hygiène",
    "Libellé produit": "Serviettes 30 x 30 cm ouate. 2 plis. blanche",
    "Marque": "TG QUALITY",
    "Code Produit": 300739,
    "Température": "Ambiant",
    "Conditionnement": "Colis de 16 paquets. Paquet de 200 portions. ",
    "Unité de commande": "colis",
    "Prix": " 41,39 EUR",
    "Prix à l'unité de mesure": "",
    "Prix à la portion": "  2,59 EUR / paquet",
    "DLC garantie au client": ""
  },
  {
    "Rayon": "Accompagnements Assaisonnement",
    "Libellé produit": "Riz étuvé indica. qualité supérieure",
    "Marque": "TG QUALITY",
    "Code Produit": 300859,
    "Température": "Ambiant",
    "Conditionnement": "Par sac de 5 kg. ",
    "Unité de commande": "sac",
    "Prix": "  8,60 EUR",
    "Prix à l'unité de mesure": "  1,72 EUR / kg",
    "Prix à la portion": "",
    "DLC garantie au client": "30 jour(s)"
  },
  {
    "Rayon": "Accompagnements Assaisonnement",
    "Libellé produit": "huile de tournesol",
    "Marque": "TG ECONOMY",
    "Code Produit": 300862,
    "Température": "Ambiant",
    "Conditionnement": "Par bidon de 5 litre. Colis de 3 bidons. ",
    "Unité de commande": "bidon",
    "Prix": " 10,40 EUR",
    "Prix à l'unité de mesure": "  2,08 EUR / L",
    "Prix à la portion": " 31,19 EUR / colis",
    "DLC garantie au client": "30 jour(s)"
  },
  {
    "Rayon": "Épicerie",
    "Libellé produit": "Miel d'acacia liquide pot. verre de 28 g",
    "Marque": "TG QUALITY",
    "Code Produit": 300867,
    "Température": "Ambiant",
    "Conditionnement": "Portion de 28 g. Colis de 48 portions. ",
    "Unité de commande": "colis",
    "Prix": " 33,29 EUR",
    "Prix à l'unité de mesure": " 24,77 EUR / kg",
    "Prix à la portion": "  0,69 EUR / Portion",
    "DLC garantie au client": "30 jour(s)"
  },
  {
    "Rayon": "Épicerie",
    "Libellé produit": "Pétales de céréales goût. chocolat",
    "Marque": "TG QUALITY",
    "Code Produit": 300965,
    "Température": "Ambiant",
    "Conditionnement": "Par sachet de 1 kg. Colis de 6 sachets. ",
    "Unité de commande": "sachet",
    "Prix": "  5,96 EUR",
    "Prix à l'unité de mesure": "  5,96 EUR / kg",
    "Prix à la portion": " 35,78 EUR / colis",
    "DLC garantie au client": "30 jour(s)"
  },
  {
    "Rayon": "Épicerie",
    "Libellé produit": "Salade 6 fruits",
    "Marque": "TG QUALITY",
    "Code Produit": 301230,
    "Température": "Frais",
    "Conditionnement": "Par seau de 3 litre. ",
    "Unité de commande": "seau",
    "Prix": " 11,48 EUR",
    "Prix à l'unité de mesure": "  3,83 EUR / L",
    "Prix à la portion": "",
    "DLC garantie au client": "5 jour(s)"
  },
  {
    "Rayon": "Épicerie",
    "Libellé produit": "Salade 4 fruits exotiques",
    "Marque": "TG QUALITY",
    "Code Produit": 301232,
    "Température": "Frais",
    "Conditionnement": "Par seau de 3 litre. ",
    "Unité de commande": "seau",
    "Prix": " 12,08 EUR",
    "Prix à l'unité de mesure": "  4,03 EUR / L",
    "Prix à la portion": "",
    "DLC garantie au client": "5 jour(s)"
  },
  {
    "Rayon": "Desserts Glaces",
    "Libellé produit": "Sorbet au citron vert",
    "Marque": "TG QUALITY",
    "Code Produit": 301262,
    "Température": "Surgele",
    "Conditionnement": "Par bac de 2.5 litre. Colis de 4 bacs. ",
    "Unité de commande": "bac",
    "Prix": "  6,63 EUR",
    "Prix à l'unité de mesure": "  2,65 EUR / L",
    "Prix à la portion": " 26,53 EUR / colis",
    "DLC garantie au client": "30 jour(s)"
  },
  {
    "Rayon": "Boissons",
    "Libellé produit": "Jus de pomme",
    "Marque": "TG QUALITY",
    "Code Produit": 301410,
    "Température": "Ambiant",
    "Conditionnement": "Brick de 1 litre. Colis de 6 bricks. ",
    "Unité de commande": "colis",
    "Prix": "  5,74 EUR",
    "Prix à l'unité de mesure": "  0,96 EUR / L",
    "Prix à la portion": "  0,96 EUR / brick",
    "DLC garantie au client": "30 jour(s)"
  },
  {
    "Rayon": "Équipement Hygiène",
    "Libellé produit": "Film alimentaire boîte. distributrice 300x0.45m. avec règlette de découpe à",
    "Marque": "TG QUALITY",
    "Code Produit": 301452,
    "Température": "Ambiant",
    "Conditionnement": "Colis de 6 boites. ",
    "Unité de commande": "boite",
    "Prix": "  7,66 EUR",
    "Prix à l'unité de mesure": "",
    "Prix à la portion": " 45,95 EUR / colis",
    "DLC garantie au client": ""
  },
  {
    "Rayon": "Épicerie",
    "Libellé produit": "Sucre buchette",
    "Marque": "TG QUALITY",
    "Code Produit": 301491,
    "Température": "Ambiant",
    "Conditionnement": "Portion de 4 g. Colis de 750 portions. ",
    "Unité de commande": "colis",
    "Prix": "  9,47 EUR",
    "Prix à l'unité de mesure": "  3,16 EUR / kg",
    "Prix à la portion": "  0,01 EUR / Portion",
    "DLC garantie au client": ""
  },
  {
    "Rayon": "Accompagnements Assaisonnement",
    "Libellé produit": "Frites préfrites. bi-température. calibre 6/6",
    "Marque": "TG QUALITY",
    "Code Produit": 301493,
    "Température": "Surgele",
    "Conditionnement": "Sachet de 2.5 kg. Colis de 4 sachets. ",
    "Unité de commande": "colis",
    "Prix": " 22,00 EUR",
    "Prix à l'unité de mesure": "  2,20 EUR / kg",
    "Prix à la portion": "  5,50 EUR / sachet",
    "DLC garantie au client": "30 jour(s)"
  },
  {
    "Rayon": "Accompagnements Assaisonnement",
    "Libellé produit": "Frites pré-frites steakhouse",
    "Marque": "TG QUALITY",
    "Code Produit": 301496,
    "Température": "Surgele",
    "Conditionnement": "Par sachet de 2.5 kg. Colis de 4 sachets. ",
    "Unité de commande": "sachet",
    "Prix": "  5,00 EUR",
    "Prix à l'unité de mesure": "  2,00 EUR / kg",
    "Prix à la portion": " 20,00 EUR / colis",
    "DLC garantie au client": "30 jour(s)"
  },
  {
    "Rayon": "Desserts Glaces",
    "Libellé produit": "Tarte au chocolat prédécoupée. x 10 parts",
    "Marque": "TG ECONOMY",
    "Code Produit": 301592,
    "Température": "Surgele",
    "Conditionnement": "Portion de 75 g. Pièce de 10 portions. ",
    "Unité de commande": "pièce",
    "Prix": "  4,44 EUR",
    "Prix à l'unité de mesure": "  5,92 EUR / kg",
    "Prix à la portion": "  0,44 EUR / Portion",
    "DLC garantie au client": "30 jour(s)"
  },
  {
    "Rayon": "Pâtisserie Biscuiterie Confiserie",
    "Libellé produit": "Galette pur beurre x2",
    "Marque": "TG QUALITY",
    "Code Produit": 302302,
    "Température": "Ambiant",
    "Conditionnement": "Sachet de 15 g. Colis de 280 sachets. ",
    "Unité de commande": "colis",
    "Prix": " 33,32 EUR",
    "Prix à l'unité de mesure": "  7,93 EUR / kg",
    "Prix à la portion": "  0,12 EUR / sachet",
    "DLC garantie au client": "30 jour(s)"
  },
  {
    "Rayon": "Crèmerie Œufs Fromages",
    "Libellé produit": "Kiri",
    "Marque": "BEL",
    "Code Produit": 302545,
    "Température": "Frais",
    "Conditionnement": "Portion de 18 g. Coffret de 80 portions. ",
    "Unité de commande": "coffret",
    "Prix": " 23,69 EUR",
    "Prix à l'unité de mesure": " 16,45 EUR / kg",
    "Prix à la portion": "  0,30 EUR / Portion",
    "DLC garantie au client": "7 jour(s)"
  },
  {
    "Rayon": "Épicerie",
    "Libellé produit": "Oreillons de peches préservées",
    "Marque": "LA PULPE",
    "Code Produit": 319090,
    "Température": "Ambiant",
    "Conditionnement": "Par boite 4/4 de 765 g. Colis de 12 boites 4/4. ",
    "Unité de commande": "boite 4/4",
    "Prix": "  1,86 EUR",
    "Prix à l'unité de mesure": "  2,43 EUR / kg",
    "Prix à la portion": " 22,33 EUR / colis",
    "DLC garantie au client": "30 jour(s)"
  },
  {
    "Rayon": "Desserts Glaces",
    "Libellé produit": "Tarte aux pommes pur beurre. prédécoupée 10 parts",
    "Marque": "SYMPHONIE PASQUIER",
    "Code Produit": 330141,
    "Température": "Surgele",
    "Conditionnement": "Par pièce de 720 g. Colis de 10 pièces. ",
    "Unité de commande": "pièce",
    "Prix": "  4,01 EUR",
    "Prix à l'unité de mesure": "  5,57 EUR / kg",
    "Prix à la portion": " 40,08 EUR / colis",
    "DLC garantie au client": "30 jour(s)"
  },
  {
    "Rayon": "Desserts Glaces",
    "Libellé produit": "Tarte normande aux pommes pur. beurre prédécoupée 10 parts",
    "Marque": "SYMPHONIE PASQUIER",
    "Code Produit": 330142,
    "Température": "Surgele",
    "Conditionnement": "Portion de 72 g. Pièce de 10 portions. ",
    "Unité de commande": "pièce",
    "Prix": "  4,10 EUR",
    "Prix à l'unité de mesure": "  5,69 EUR / kg",
    "Prix à la portion": "  0,41 EUR / Portion",
    "DLC garantie au client": "30 jour(s)"
  },
  {
    "Rayon": "Pains Viennoiserie Pâtes",
    "Libellé produit": "Pain de mie complet dim. 12'. x 12 cm - spécial sandwich. longue conservation",
    "Marque": "HARRYS FOOD SERVICE",
    "Code Produit": 359711,
    "Température": "Ambiant",
    "Conditionnement": "Par paquet de 600 g. Colis de 10 paquets. ",
    "Unité de commande": "paquet",
    "Prix": "  2,49 EUR",
    "Prix à l'unité de mesure": "  4,14 EUR / kg",
    "Prix à la portion": " 24,85 EUR / colis",
    "DLC garantie au client": "7 jour(s)"
  },
  {
    "Rayon": "Épicerie",
    "Libellé produit": "Muesli extra chocolat. noisettes",
    "Marque": "KELLOGG'S",
    "Code Produit": 364406,
    "Température": "Ambiant",
    "Conditionnement": "Par paquet de 1.5 kg. Colis de 4 paquets. ",
    "Unité de commande": "paquet",
    "Prix": " 16,52 EUR",
    "Prix à l'unité de mesure": " 11,01 EUR / kg",
    "Prix à la portion": " 66,08 EUR / colis",
    "DLC garantie au client": "30 jour(s)"
  },
  {
    "Rayon": "Épicerie",
    "Libellé produit": "Thé noir Yellow Label. 100 sachets fraîcheur",
    "Marque": "LIPTON",
    "Code Produit": 370056,
    "Température": "Ambiant",
    "Conditionnement": "Portion de 1.8 g. Boite de 100 portions. ",
    "Unité de commande": "boite",
    "Prix": "  9,35 EUR",
    "Prix à l'unité de mesure": " 51,94 EUR / kg",
    "Prix à la portion": "  0,09 EUR / Portion",
    "DLC garantie au client": "30 jour(s)"
  },
  {
    "Rayon": "Épicerie",
    "Libellé produit": "Raisin sec sultanine",
    "Marque": "HOLYFRUITS",
    "Code Produit": 401135,
    "Température": "Ambiant",
    "Conditionnement": "Par sachet de 1 kg. Colis de 10 sachets. ",
    "Unité de commande": "sachet",
    "Prix": "  3,92 EUR",
    "Prix à l'unité de mesure": "  3,92 EUR / kg",
    "Prix à la portion": " 39,21 EUR / colis",
    "DLC garantie au client": "30 jour(s)"
  },
  {
    "Rayon": "Charcuterie Traiteur",
    "Libellé produit": "Jambon de paris spécial. sandwich vpf",
    "Marque": "MADRANGE",
    "Code Produit": 401372,
    "Température": "Frais",
    "Conditionnement": "Portion de 40 g. Sachet de 10 portions. ",
    "Unité de commande": "sachet",
    "Prix": "  5,12 EUR",
    "Prix à l'unité de mesure": " 12,81 EUR / kg",
    "Prix à la portion": "  0,51 EUR / Portion",
    "DLC garantie au client": "7 jour(s)"
  },
  {
    "Rayon": "Pains Viennoiserie Pâtes",
    "Libellé produit": "Mini pain aux raisins pur. beurre cru",
    "Marque": "NEUHAUSER",
    "Code Produit": 404843,
    "Température": "Surgele",
    "Conditionnement": "Portion de 30 g. Colis de 200 portions. ",
    "Unité de commande": "colis",
    "Prix": " 27,84 EUR",
    "Prix à l'unité de mesure": "  4,64 EUR / kg",
    "Prix à la portion": "  0,14 EUR / Portion",
    "DLC garantie au client": "30 jour(s)"
  },
  {
    "Rayon": "Crèmerie Œufs Fromages",
    "Libellé produit": "Beurre micropain doux",
    "Marque": "PRESIDENT",
    "Code Produit": 405704,
    "Température": "Frais",
    "Conditionnement": "Portion de 10 g. Boite de 100 portions. ",
    "Unité de commande": "boite",
    "Prix": " 14,06 EUR",
    "Prix à l'unité de mesure": " 14,06 EUR / kg",
    "Prix à la portion": "  0,14 EUR / Portion",
    "DLC garantie au client": "7 jour(s)"
  },
  {
    "Rayon": "Crèmerie Œufs Fromages",
    "Libellé produit": "Vache qui rit 19.5 % m.g.",
    "Marque": "BEL",
    "Code Produit": 409524,
    "Température": "Frais",
    "Conditionnement": "Portion de 17.5 g. Coffret de 80 portions. ",
    "Unité de commande": "coffret",
    "Prix": " 17,88 EUR",
    "Prix à l'unité de mesure": " 12,77 EUR / kg",
    "Prix à la portion": "  0,22 EUR / Portion",
    "DLC garantie au client": "7 jour(s)"
  },
  {
    "Rayon": "Boissons",
    "Libellé produit": "Cristaline",
    "Marque": "CRISTALINE",
    "Code Produit": 410605,
    "Température": "Ambiant",
    "Conditionnement": "Portion de 500 ml. Colis de 24 portions. ",
    "Unité de commande": "colis",
    "Prix": "  4,77 EUR",
    "Prix à l'unité de mesure": "  0,40 EUR / L",
    "Prix à la portion": "  0,20 EUR / Portion",
    "DLC garantie au client": "30 jour(s)"
  },
  {
    "Rayon": "Boissons",
    "Libellé produit": "Cristaline",
    "Marque": "CRISTALINE",
    "Code Produit": 439240,
    "Température": "Ambiant",
    "Conditionnement": "Bouteille de 1.5 litre. Colis de 6 bouteilles. ",
    "Unité de commande": "colis",
    "Prix": "  1,57 EUR",
    "Prix à l'unité de mesure": "  0,18 EUR / L",
    "Prix à la portion": "  0,26 EUR / bouteille",
    "DLC garantie au client": "30 jour(s)"
  },
  {
    "Rayon": "Épicerie",
    "Libellé produit": "Miel de fleurs liquide",
    "Marque": "LUNE DE MIEL",
    "Code Produit": 450101,
    "Température": "Ambiant",
    "Conditionnement": "Portion de 20 g. Colis de 120 portions. ",
    "Unité de commande": "colis",
    "Prix": " 20,03 EUR",
    "Prix à l'unité de mesure": "  8,35 EUR / kg",
    "Prix à la portion": "  0,17 EUR / Portion",
    "DLC garantie au client": "30 jour(s)"
  },
  {
    "Rayon": "Épicerie",
    "Libellé produit": "Envie de fruits des îles. peches,ananas,papayes. pot de 95g",
    "Marque": "ST MAMET",
    "Code Produit": 451179,
    "Température": "Ambiant",
    "Conditionnement": "Portion de 95 g. Colis de 120 portions. ",
    "Unité de commande": "colis",
    "Prix": " 47,25 EUR",
    "Prix à l'unité de mesure": "  4,14 EUR / kg",
    "Prix à la portion": "  0,39 EUR / Portion",
    "DLC garantie au client": "30 jour(s)"
  },
  {
    "Rayon": "Crèmerie Œufs Fromages",
    "Libellé produit": "Emmental 29 % m.g.",
    "Marque": "LA VIE DE CHATEAU",
    "Code Produit": 476481,
    "Température": "Frais",
    "Conditionnement": "Portion de 30 g. Colis de 100 portions. ",
    "Unité de commande": "colis",
    "Prix": " 32,25 EUR",
    "Prix à l'unité de mesure": " 10,75 EUR / kg",
    "Prix à la portion": "  0,32 EUR / Portion",
    "DLC garantie au client": "7 jour(s)"
  },
  {
    "Rayon": "Crèmerie Œufs Fromages",
    "Libellé produit": "Beurre micro pain demi sel",
    "Marque": "PAYSAN BRETON",
    "Code Produit": 494294,
    "Température": "Frais",
    "Conditionnement": "Portion de 10 g. Boite de 100 portions. ",
    "Unité de commande": "boite",
    "Prix": " 11,90 EUR",
    "Prix à l'unité de mesure": " 11,90 EUR / kg",
    "Prix à la portion": "  0,12 EUR / Portion",
    "DLC garantie au client": "7 jour(s)"
  },
  {
    "Rayon": "Crèmerie Œufs Fromages",
    "Libellé produit": "Beurre micropain doux",
    "Marque": "PAYSAN BRETON",
    "Code Produit": 494302,
    "Température": "Frais",
    "Conditionnement": "Portion de 10 g. Boite de 100 portions. ",
    "Unité de commande": "boite",
    "Prix": " 11,90 EUR",
    "Prix à l'unité de mesure": " 11,90 EUR / kg",
    "Prix à la portion": "  0,12 EUR / Portion",
    "DLC garantie au client": "7 jour(s)"
  },
  {
    "Rayon": "Crèmerie Œufs Fromages",
    "Libellé produit": "Lait demi écrémé uht",
    "Marque": "LAIT D'ICI",
    "Code Produit": 495176,
    "Température": "Frais",
    "Conditionnement": "Brick de 1 litre. Colis de 6 bricks. ",
    "Unité de commande": "colis",
    "Prix": "  6,60 EUR",
    "Prix à l'unité de mesure": "  1,10 EUR / L",
    "Prix à la portion": "  1,10 EUR / brick",
    "DLC garantie au client": "7 jour(s)"
  },
  {
    "Rayon": "Pains Viennoiserie Pâtes",
    "Libellé produit": "Pain de mie nature. dimension 10x10cm-24 tranches. longue conservation",
    "Marque": "HARRYS FOOD SERVICE",
    "Code Produit": 631291,
    "Température": "Ambiant",
    "Conditionnement": "Par paquet de 500 g. Colis de 8 paquets. ",
    "Unité de commande": "paquet",
    "Prix": "  1,80 EUR",
    "Prix à l'unité de mesure": "  3,60 EUR / kg",
    "Prix à la portion": " 14,41 EUR / colis",
    "DLC garantie au client": "7 jour(s)"
  },
  {
    "Rayon": "Épicerie",
    "Libellé produit": "Thé noir citron 25 sachets. fraicheur",
    "Marque": "LIPTON",
    "Code Produit": 641126,
    "Température": "Ambiant",
    "Conditionnement": "Portion de 1.6 g. Boite de 25 portions. ",
    "Unité de commande": "boite",
    "Prix": "  3,14 EUR",
    "Prix à l'unité de mesure": " 78,45 EUR / kg",
    "Prix à la portion": "  0,13 EUR / Portion",
    "DLC garantie au client": "30 jour(s)"
  },
  {
    "Rayon": "Boissons",
    "Libellé produit": "Pago orange pulpe à base de. jus concentré 100%",
    "Marque": "PAGO",
    "Code Produit": 673194,
    "Température": "Ambiant",
    "Conditionnement": "Portion de 330 ml. Colis de 12 portions. ",
    "Unité de commande": "colis",
    "Prix": " 16,28 EUR",
    "Prix à l'unité de mesure": "  4,11 EUR / L",
    "Prix à la portion": "  1,36 EUR / Portion",
    "DLC garantie au client": "30 jour(s)"
  },
  {
    "Rayon": "Équipement Hygiène",
    "Libellé produit": "Set de table Olympia blanc. dimension 30 x 40 cm. colis de 500",
    "Marque": "NAP",
    "Code Produit": 785592,
    "Température": "Ambiant",
    "Conditionnement": "Colis de 500 portions. ",
    "Unité de commande": "colis",
    "Prix": "  9,85 EUR",
    "Prix à l'unité de mesure": "",
    "Prix à la portion": "  0,02 EUR / Portion",
    "DLC garantie au client": ""
  },
  {
    "Rayon": "Épicerie",
    "Libellé produit": "Pruneau entier calibre 44/55",
    "Marque": "",
    "Code Produit": 807602,
    "Température": "Ambiant",
    "Conditionnement": "Par sachet de 1 kg. Colis de 10 sachets. ",
    "Unité de commande": "sachet",
    "Prix": "  7,11 EUR",
    "Prix à l'unité de mesure": "  7,11 EUR / kg",
    "Prix à la portion": " 71,07 EUR / colis",
    "DLC garantie au client": "30 jour(s)"
  },
  {
    "Rayon": "Équipement Hygiène",
    "Libellé produit": "Serviette ouate blanche. 2 plis. dimension 39 x 39 cm",
    "Marque": "TORK",
    "Code Produit": 811528,
    "Température": "Ambiant",
    "Conditionnement": "Paquet de 150 portions. ",
    "Unité de commande": "paquet",
    "Prix": "  4,24 EUR",
    "Prix à l'unité de mesure": "",
    "Prix à la portion": "  0,03 EUR / Portion",
    "DLC garantie au client": ""
  },
  {
    "Rayon": "Boissons",
    "Libellé produit": "Jus de pomme Tropicana",
    "Marque": "TROPICANA",
    "Code Produit": 838698,
    "Température": "Ambiant",
    "Conditionnement": "Par bag in box de 10 litre. ",
    "Unité de commande": "bag in box",
    "Prix": " 31,41 EUR",
    "Prix à l'unité de mesure": "  3,14 EUR / L",
    "Prix à la portion": "",
    "DLC garantie au client": "30 jour(s)"
  },
  {
    "Rayon": "Épicerie",
    "Libellé produit": "Nutella",
    "Marque": "NUTELLA",
    "Code Produit": 838839,
    "Température": "Ambiant",
    "Conditionnement": "Portion de 15 g. Colis de 120 portions. ",
    "Unité de commande": "colis",
    "Prix": " 19,33 EUR",
    "Prix à l'unité de mesure": " 10,74 EUR / kg",
    "Prix à la portion": "  0,16 EUR / Portion",
    "DLC garantie au client": "30 jour(s)"
  },
  {
    "Rayon": "Pains Viennoiserie Pâtes",
    "Libellé produit": "Biscotte au froment. sachet de 2 tranches",
    "Marque": "PASQUIER",
    "Code Produit": 844952,
    "Température": "Ambiant",
    "Conditionnement": "Portion de 15 g. Colis de 208 portions. ",
    "Unité de commande": "colis",
    "Prix": " 14,16 EUR",
    "Prix à l'unité de mesure": "  4,54 EUR / kg",
    "Prix à la portion": "  0,07 EUR / Portion",
    "DLC garantie au client": "30 jour(s)"
  },
  {
    "Rayon": "Épicerie",
    "Libellé produit": "Corn flakes original",
    "Marque": "KELLOGG'S",
    "Code Produit": 860940,
    "Température": "Ambiant",
    "Conditionnement": "Portion de 500 g. Colis de 8 portions. ",
    "Unité de commande": "colis",
    "Prix": " 31,59 EUR",
    "Prix à l'unité de mesure": "  7,90 EUR / kg",
    "Prix à la portion": "  3,95 EUR / Portion",
    "DLC garantie au client": "30 jour(s)"
  },
  {
    "Rayon": "Accompagnements Assaisonnement",
    "Libellé produit": "Vinaigre balsamique de Modène. igp",
    "Marque": "BORGES",
    "Code Produit": 873244,
    "Température": "Ambiant",
    "Conditionnement": "Par bouteille de 2 litre. Colis de 6 bouteilles. ",
    "Unité de commande": "bouteille",
    "Prix": " 12,16 EUR",
    "Prix à l'unité de mesure": "  6,08 EUR / L",
    "Prix à la portion": " 72,96 EUR / colis",
    "DLC garantie au client": "30 jour(s)"
  },
  {
    "Rayon": "Épicerie",
    "Libellé produit": "Confiture assortie 5 parfums",
    "Marque": "ST MAMET",
    "Code Produit": 873371,
    "Température": "Ambiant",
    "Conditionnement": "Portion de 25 g. Colis de 150 portions. ",
    "Unité de commande": "colis",
    "Prix": " 10,75 EUR",
    "Prix à l'unité de mesure": "  2,87 EUR / kg",
    "Prix à la portion": "  0,07 EUR / Portion",
    "DLC garantie au client": "30 jour(s)"
  },
  {
    "Rayon": "Épicerie",
    "Libellé produit": "Oreillons de peches préservées. qualité pâtisserie",
    "Marque": "LEGAVE",
    "Code Produit": 873778,
    "Température": "Ambiant",
    "Conditionnement": "Par boite 4/4 de 820 g. Colis de 12 boites 4/4. ",
    "Unité de commande": "boite 4/4",
    "Prix": "  1,86 EUR",
    "Prix à l'unité de mesure": "  2,27 EUR / kg",
    "Prix à la portion": " 22,33 EUR / colis",
    "DLC garantie au client": "30 jour(s)"
  },
  {
    "Rayon": "Boissons",
    "Libellé produit": "Jus multifruit",
    "Marque": "PLEIN FRUIT",
    "Code Produit": 950073,
    "Température": "Ambiant",
    "Conditionnement": "Bouteille de 1 litre. Colis de 6 bouteilles. ",
    "Unité de commande": "colis",
    "Prix": " 10,84 EUR",
    "Prix à l'unité de mesure": "  1,81 EUR / L",
    "Prix à la portion": "  1,81 EUR / bouteille",
    "DLC garantie au client": "30 jour(s)"
  },
  {
    "Rayon": "Épicerie",
    "Libellé produit": "Confiture d'abricot 35% fruit",
    "Marque": "LE BERGER DES FRUITS",
    "Code Produit": 980451,
    "Température": "Ambiant",
    "Conditionnement": "Portion de 20 g. Colis de 144 portions. ",
    "Unité de commande": "colis",
    "Prix": " 13,69 EUR",
    "Prix à l'unité de mesure": "  4,75 EUR / kg",
    "Prix à la portion": "  0,10 EUR / Portion",
    "DLC garantie au client": "30 jour(s)"
  },
  {
    "Rayon": "Épicerie",
    "Libellé produit": "nutella",
    "Marque": "NUTELLA",
    "Code Produit": 980987,
    "Température": "Ambiant",
    "Conditionnement": "Par pot de 750 g. Colis de 6 pots. ",
    "Unité de commande": "pot",
    "Prix": "  6,82 EUR",
    "Prix à l'unité de mesure": "  9,09 EUR / kg",
    "Prix à la portion": " 40,91 EUR / colis",
    "DLC garantie au client": "30 jour(s)"
  }
]