Rayon;Libellé produit;Marque;Code Produit;Température;Conditionnement;Unité de commande;Prix;Prix à l'unité de mesure;Prix à la portion;DLC garantie au client
Accompagnements Assaisonnement;Tagliatelle aux oeufs. Emiliane chef;BARILLA;000190;Ambiant;Sac de 1 kg. Colis de 6 sacs. ;colis; 52,87 EUR;  8,81 EUR / kg;  8,81 EUR / sac;30 jour(s)
Fruits et Légumes;Poire guyot. calibre 60/65. catégorie 1;STKFL;000502;Frais;Par barquette de 1 kg. ;barquette;  2,37 EUR;  2,37 EUR / kg;;
Fruits et Légumes;Tomate ronde 67/82. catégorie 1;STKFL;000512;Frais;Par colis de 6 kg. ;colis; 12,13 EUR;  2,02 EUR / kg;;
Fruits et Légumes;Pommes Golden 135/170. catégorie 1. France;STKFL;000658;Frais;Portion de 160.494 g. Colis de 81 portions. ;colis; 21,79 EUR;  1,68 EUR / kg;  0,27 EUR / Portion;
Fruits et Légumes;Oignon rouge. calibre 60/80. catégorie 1 - origine France;STKFL;000775;Frais;Par filet de 5 kg. ;filet;  5,96 EUR;  1,19 EUR / kg;;
Fruits et Légumes;Chou rouge. catégorie 1;STKFL;000964;Frais;Par pièce de 1.5 kg. Colis de 6 pièces. ;pièce;  1,86 EUR;  1,24 EUR / kg; 11,14 EUR / colis;
Épicerie;Country store muesli;KELLOGG'S;001800;Ambiant;Par sachet de 2 kg. Colis de 4 sachets. ;sachet; 18,26 EUR;  9,13 EUR / kg; 73,05 EUR / colis;30 jour(s)
Charcuterie Traiteur;Jambon de paris spécial. sandwich vpf;MADRANGE;006148;Frais;Portion de 50 g. Barquette de 10 portions. ;barquette;  5,95 EUR; 11,90 EUR / kg;  0,60 EUR / Portion;7 jour(s)
Fruits et Légumes;Mélange jeune pousse. catégorie 1. France;STKFL;008691;Frais;Par barquette de 1 kg. ;barquette;  5,49 EUR;  5,49 EUR / kg;;3 jour(s)
Fruits et Légumes;Mure. catégorie 1. barquette 125g;STKFL;008720;Frais;Par barquette de 125 g. ;barquette;  3,34 EUR; 26,68 EUR / kg;;4 jour(s)
Fruits et Légumes;Salade sucrine 6 têtes. catégorie 1;STKFL;008814;Frais;Par barquette de 360 g. ;barquette;  2,39 EUR;  6,63 EUR / kg;;
Fruits et Légumes;Poire conference 60/65. catégorie 1;STKFL;008905;Frais;Par colis de 7 kg. ;colis; 14,35 EUR;  2,05 EUR / kg;;
Fruits et Légumes;Pois gourmand. catégorie 1;STKFL;008910;Frais;Par barquette de 250 g. ;barquette;  2,28 EUR;  9,13 EUR / kg;;3 jour(s)
Fruits et Légumes;Poivron vert catégorie 1;STKFL;008941;Frais;Par filet de 1 kg. ;filet;  3,27 EUR;  3,27 EUR / kg;;4 jour(s)
Fruits et Légumes;Aubergine 3/4. catégorie 1;STKFL;008942;Frais;Par filet de 1 kg. ;filet;  3,59 EUR;  3,59 EUR / kg;;
Fruits et Légumes;Mâche. catégorie 1. France;STKFL;008965;Frais;Par colis de 1 kg. ;colis;  5,62 EUR;  5,62 EUR / kg;;3 jour(s)
Fruits et Légumes;Radis rose. catégorie 1. France;STKFL;008966;Frais;Pièce de 300 g. Colis de 12 pièces. ;colis; 11,10 EUR;  3,08 EUR / kg;  0,93 EUR / pièce;
Fruits et Légumes;Kiwi Cal33. catégorie 1;STKFL;008988;Frais;Pièce de 90 g. Colis de 33 pièces. ;colis; 17,59 EUR;  5,92 EUR / kg;  0,53 EUR / pièce;
Fruits et Légumes;Tomate ronde 82/102. catégorie 1;STKFL;008997;Frais;Par colis de 7 kg. ;colis; 14,64 EUR;  2,09 EUR / kg;;4 jour(s)
Fruits et Légumes;Courgette calibre 14/21. France;STKFL;009020;Frais;Par colis de 5 kg. ;colis; 10,81 EUR;  2,16 EUR / kg;;
Fruits et Légumes;Physalis colombie;STKFL;009030;Frais;Barquette de 100 g. Colis de 12 barquettes. ;colis; 16,93 EUR; 14,11 EUR / kg;  1,41 EUR / barquette;3 jour(s)
Fruits et Légumes;Aubergine 300/400 g. catégorie 1;STKFL;009038;Frais;Par colis de 5 kg. ;colis; 14,96 EUR;  2,99 EUR / kg;;
Fruits et Légumes;Fruit de la passion. catégorie 1;AFL;009051;Frais;Par colis de 2 kg. ;colis; 24,07 EUR; 12,04 EUR / kg;;
Fruits et Légumes;Oignon blanc D60/80. catégorie 2;AFL;009057;Frais;Par colis de 10 kg. ;colis; 23,27 EUR;  2,33 EUR / kg;;4 jour(s)
Fruits et Légumes;Radis rouge. catégorie 1. sachet de 1kg;STKFL;009071;Frais;Par sachet de 1 kg. ;sachet;  3,27 EUR;  3,27 EUR / kg;;
Accompagnements Assaisonnement;Maizena fleur de mais;MAIZENA;011692;Ambiant;Par boite de 700 g. Colis de 12 boites. ;boite;  5,45 EUR;  7,78 EUR / kg; 65,35 EUR / colis;30 jour(s)
Accompagnements Assaisonnement;Riz long grain et sauvage;BEN'S ORIGINAL;016881;Ambiant;Par sac de 5 kg. Colis de 3 sacs. ;sac; 38,83 EUR;  7,77 EUR / kg;116,48 EUR / colis;30 jour(s)
Épicerie;Miel mille fleurs liquide;EUROMIEL;021030;Ambiant;Par pot de 1 kg. Colis de 6 pots. ;pot;  7,42 EUR;  7,42 EUR / kg; 44,54 EUR / colis;30 jour(s)
Accompagnements Assaisonnement;Couscous moyen;LA GAZELLE;021824;Ambiant;Par sac de 5 kg. ;sac;  9,70 EUR;  1,94 EUR / kg;;30 jour(s)
Accompagnements Assaisonnement;Riz long étuvé;BEN'S ORIGINAL;023424;Ambiant;Par sac de 5 kg. Colis de 3 sacs. ;sac; 27,12 EUR;  5,42 EUR / kg; 81,36 EUR / colis;30 jour(s)
Boissons;Vittel;VITTEL;026286;Ambiant;Bouteille de 1.5 litre. Colis de 12 bouteilles. ;colis; 13,38 EUR;  0,74 EUR / L;  1,12 EUR / bouteille;30 jour(s)
Pâtisserie Biscuiterie Confiserie;Crepe dentelle x 2;GAVOTTES;027615;Ambiant;Portion de 10.417 g. Boite de 120 portions. ;boite; 28,54 EUR; 22,83 EUR / kg;  0,24 EUR / Portion;30 jour(s)
Desserts Glaces;Mini tartelette sucrée pur. beurre;JEAN DUCOURTIEUX;032094;Ambiant;Portion de 5.6 g. Colis de 240 portions. ;colis; 42,66 EUR; 31,74 EUR / kg;  0,18 EUR / Portion;30 jour(s)
Épicerie;Café Baccara. 1 filtre dose pour 1 carafe. ou 1 verseuse isotherme;MIKO;033146;Ambiant;Portion de 75 g. Colis de 36 portions. ;colis; 59,85 EUR; 22,17 EUR / kg;  1,66 EUR / Portion;30 jour(s)
Charcuterie Traiteur;Jambon supérieur tranché dd. cuit au torchon vpf;MADRANGE;034280;Frais;Portion de 50 g. Sachet de 10 portions. ;sachet;  6,55 EUR; 13,09 EUR / kg;  0,65 EUR / Portion;7 jour(s)
Fruits et Légumes;Avocat hass guacamole 22. catégorie 1;STKFL;045857;Frais;Pièce de 171 g. Colis de 22 pièces. ;colis; 18,90 EUR;  5,02 EUR / kg;  0,86 EUR / pièce;
Crèmerie Œufs Fromages;Mozzarella Santa Lucia. 22% m.g.;GALBANI PRO;047001;Frais;Par pain de 1 kg. Colis de 4 pains. ;pain; 15,71 EUR; 15,71 EUR / kg; 62,83 EUR / colis;7 jour(s)
Crèmerie Œufs Fromages;Beurre coupelle doux aop. coupelle + recharges;ISIGNY;048174;Frais;Pièce de 25 g. Colis de 48 pièces. ;colis; 17,81 EUR; 14,84 EUR / kg;  0,37 EUR / pièce;7 jour(s)
Crèmerie Œufs Fromages;Crème fraiche épaisse légère. 15 % mg;PRESIDENT PRO;050534;Frais;Par seau de 5 litre. ;seau; 23,88 EUR;  4,78 EUR / L;;7 jour(s)
Crèmerie Œufs Fromages;Beurre doux micro pain;PRESIDENT;055095;Frais;Portion de 15 g. Boite de 100 portions. ;boite; 21,27 EUR; 14,18 EUR / kg;  0,21 EUR / Portion;7 jour(s)
Crèmerie Œufs Fromages;Crème anglaise uht;DEBIC;055954;Frais;Par bouteille de 2 litre. Colis de 6 bouteilles. ;bouteille;  5,93 EUR;  2,97 EUR / L; 35,58 EUR / colis;7 jour(s)
Crèmerie Œufs Fromages;Emmental 29 % m.g.;ENTREMONT;056374;Frais;Portion de 16.667 g. Coffret de 30 portions. ;coffret; 10,23 EUR; 20,45 EUR / kg;  0,34 EUR / Portion;7 jour(s)
Crèmerie Œufs Fromages;Camembert 20 % m.g.;PRESIDENT;057653;Frais;Portion de 30 g. Boite de 8 portions. ;boite;  2,84 EUR; 11,83 EUR / kg;  0,35 EUR / Portion;7 jour(s)
Épicerie;Chocolat en poudre 32 % cacao;MONBANA;057992;Ambiant;Portion de 15 g. Colis de 100 portions. ;colis; 13,67 EUR;  9,11 EUR / kg;  0,14 EUR / Portion;30 jour(s)
Crèmerie Œufs Fromages;Beurre doux;PRESIDENT PROFESSIONNEL;059493;Frais;Par rouleau de 1 kg. Colis de 10 rouleaux. ;rouleau; 10,41 EUR; 10,41 EUR / kg;104,14 EUR / colis;7 jour(s)
Crèmerie Œufs Fromages;Tartare ail et fines herbes. 70 % m.g.;TARTARE;059766;Frais;Portion de 16 g. Coffret de 32 portions. ;coffret;  8,54 EUR; 16,69 EUR / kg;  0,27 EUR / Portion;7 jour(s)
Épicerie;Nescafé sélection;NESCAFE;059808;Ambiant;Portion de 2 g. Colis de 300 portions. ;colis; 61,88 EUR;103,13 EUR / kg;  0,21 EUR / Portion;30 jour(s)
Épicerie;Nescafé sélection décaféiné;NESCAFE;059840;Ambiant;Portion de 2 g. Colis de 300 portions. ;colis; 64,91 EUR;108,19 EUR / kg;  0,22 EUR / Portion;30 jour(s)
Épicerie;Mélange d'olives pour. apéritif avec noyau;BARNIER;063115;Frais;Par seau de 5 kg. ;seau; 35,04 EUR;  7,01 EUR / kg;;7 jour(s)
Pâtisserie Biscuiterie Confiserie;Galette pur beurre x 2;ST MICHEL;069559;Ambiant;Portion de 13 g. Colis de 200 portions. ;colis; 28,11 EUR; 10,81 EUR / kg;  0,14 EUR / Portion;30 jour(s)
Accompagnements Assaisonnement;Mise en place Pesto. basilic et ail;KNORR;070763;Ambiant;Par pot de 340 g. Colis de 2 pots. ;pot; 15,27 EUR; 44,91 EUR / kg; 30,54 EUR / colis;30 jour(s)
Desserts Glaces;Cuillers pâtissière Le 1900. 4 barquettes de 32 cuillers;DELOS;076208;Ambiant;Portion de 12.5 g. Colis de 128 portions. ;colis; 17,68 EUR; 11,05 EUR / kg;  0,14 EUR / Portion;30 jour(s)
Épicerie;Nescafé spécial filtre;NESCAFE;078832;Ambiant;Etui de 50 g. Colis de 12 etuis. Etui de 25 portions. ;colis; 78,35 EUR;130,58 EUR / kg;  6,53 EUR / etui;30 jour(s)
Desserts Glaces;Compote de pommes. allégée en sucres. hve;ST MAMET;081836;Ambiant;Portion de 100 g. Colis de 120 portions. ;colis; 29,58 EUR;  2,47 EUR / kg;  0,25 EUR / Portion;30 jour(s)
Crèmerie Œufs Fromages;Port salut sous cave tranché. 27 % m.g.;BEL;083774;Frais;Portion de 30 g. Colis de 80 portions. ;colis; 44,06 EUR; 18,36 EUR / kg;  0,55 EUR / Portion;7 jour(s)
Accompagnements Assaisonnement;Spaghetti. qualité supérieure;BARILLA;085316;Ambiant;Par sac de 5 kg. Colis de 3 sacs. ;sac; 15,82 EUR;  3,16 EUR / kg; 47,45 EUR / colis;30 jour(s)
Épicerie;Nestlé cacao mix milky;NESTLE;095026;Ambiant;Par poche de 1 kg. Colis de 10 poches. ;poche;  8,94 EUR;  8,94 EUR / kg; 89,41 EUR / colis;30 jour(s)
Accompagnements Assaisonnement;Penne rigate. qualité supérieure;BARILLA;098699;Ambiant;Par sac de 5 kg. Colis de 3 sacs. ;sac; 14,88 EUR;  2,98 EUR / kg; 44,63 EUR / colis;30 jour(s)
Épicerie;Nesquik;NESQUIK;099432;Ambiant;Par boite de 1 kg. Colis de 12 boites. ;boite; 12,42 EUR; 12,42 EUR / kg;148,98 EUR / colis;30 jour(s)
Épicerie;Abricots préservés;LA PULPE;100466;Ambiant;Par boite 4/4 de 765 g. Colis de 12 boites 4/4. ;boite 4/4;  2,28 EUR;  2,98 EUR / kg; 27,35 EUR / colis;30 jour(s)
Épicerie;Cocktail fruits préservés;ST MAMET;100606;Ambiant;Par boite 4/4 de 850 g. Colis de 12 boites 4/4. ;boite 4/4;  4,16 EUR;  4,89 EUR / kg; 49,90 EUR / colis;30 jour(s)
Charcuterie Traiteur;Jambon supérieur dd cuit. au torchon vpf;MADRANGE;100623;Frais;Portion de 45 g. Barquette de 16 portions. ;barquette;  9,13 EUR; 12,69 EUR / kg;  0,57 EUR / Portion;7 jour(s)
Boissons;Jus de pomme douce;TROPICANA;100801;Ambiant;Par bag in box de 3 litre. Colis de 3 bags in box. ;bag in box; 12,65 EUR;  4,22 EUR / L; 37,94 EUR / colis;30 jour(s)
Épicerie;Miel mille fleurs crémeux;EUROMIEL;100922;Ambiant;Par pot de 1 kg. Colis de 6 pots. ;pot;  7,39 EUR;  7,39 EUR / kg; 44,36 EUR / colis;30 jour(s)
Accompagnements Assaisonnement;Sauce anglaise worcester;HEINZ;100949;Ambiant;Par flacon de 150 ml. Colis de 12 flacons. ;flacon;  2,66 EUR; 17,75 EUR / L; 31,96 EUR / colis;30 jour(s)
Boissons;Cocktail multifruit;PLEIN FRUIT;100975;Ambiant;Brick de 1 litre. Colis de 6 bricks. ;colis;  9,61 EUR;  1,60 EUR / L;  1,60 EUR / brick;30 jour(s)
Boissons;Jus orange pressée;ANDROS;101288;Frais;Bouteille de 1 litre. Colis de 6 bouteilles. ;colis; 21,74 EUR;  3,62 EUR / L;  3,62 EUR / bouteille;7 jour(s)
Boissons;Jus pamplemousse rose;ANDROS;101293;Frais;Bouteille de 1 litre. Colis de 6 bouteilles. ;colis; 25,40 EUR;  4,23 EUR / L;  4,23 EUR / bouteille;7 jour(s)
Boissons;Jus pomme pressee. bouteille de 1 l;ANDROS;101300;Frais;Bouteille de 1 litre. Colis de 6 bouteilles. ;colis; 23,67 EUR;  3,95 EUR / L;  3,95 EUR / bouteille;7 jour(s)
Viandes Volailles Gibier;Gigot d'agneau désossé. frais ou decongele;BEAUVALLET NEGOCE;101398;Frais;Par pièce de 2 kg. ;pièce; 35,98 EUR; 17,99 EUR / kg;;7 jour(s)
Viandes Volailles Gibier;Tartare aux couteaux charolais. pur boeuf vbf 3 % m.g.;BEAUVALLET RESTAURATION;101399;Frais;Portion de 180 g. Colis de 16 portions. ;colis; 57,47 EUR; 19,95 EUR / kg;  3,59 EUR / Portion;5 jour(s)
Accompagnements Assaisonnement;Sauce tomate oignon bio. boite 3/1;D'AUCY;101452;Ambiant;Par boite 3/1 de 2.5 kg. Colis de 3 boites 3/1. ;boite 3/1; 15,68 EUR;  6,27 EUR / kg; 47,05 EUR / colis;30 jour(s)
Viandes Volailles Gibier;Sauté de canard sans os, sans. peau;LE GAULOIS PROF;101475;Frais;Poche de 2.5 kg. Colis de 2 poches. ;colis; 83,73 EUR; 16,75 EUR / kg; 41,87 EUR / poche;7 jour(s)
Viandes Volailles Gibier;Faux filet semi-paré vbf;BEAUVALLET NEGOCE;101479;Frais;Par pièce de 6 kg. ;pièce;126,92 EUR; 21,15 EUR / kg;;7 jour(s)
Viandes Volailles Gibier;Filet de boeuf semi-paré vbf;BEAUVALLET NEGOCE;101480;Frais;Par pièce de 3 kg. ;pièce; 86,11 EUR; 28,70 EUR / kg;;7 jour(s)
Poissons Coquillages Crustacés;Saumon;;101481;Frais;Par pièce de 3.5 kg. ;pièce; 39,33 EUR; 11,24 EUR / kg;;2 jour(s)
Poissons Coquillages Crustacés;Préparation de noix St Jacques. sans corail calibre 10/20. decongelée avec eau ajoutée;;101484;Frais;Par barquette de 1 kg. ;barquette; 50,32 EUR; 50,32 EUR / kg;;2 jour(s)
Pains Viennoiserie Pâtes;Pain de mie complet. dimension 10 x 10 cm. 24 tranches;HARRYS FOOD SERVICE;101655;Ambiant;Paquet de 500 g. Colis de 8 paquets. ;colis; 15,41 EUR;  3,85 EUR / kg;  1,93 EUR / paquet;7 jour(s)
Crèmerie Œufs Fromages;Oeufs pochés. calibre 43/53g;OVOTEAM;101718;Frais;Portion de 48.75 g. Seau de 24 portions. ;seau; 16,13 EUR; 13,79 EUR / kg;  0,67 EUR / Portion;7 jour(s)
Pains Viennoiserie Pâtes;Pain pochon lalos;BRIDOR;101744;Surgele;Portion de 450 g. Colis de 16 portions. ;colis; 30,04 EUR;  4,17 EUR / kg;  1,88 EUR / Portion;30 jour(s)
Accompagnements Assaisonnement;Roux Blanc Instantané. Déshydraté 1kg;KNORR;101758;Ambiant;Par boite de 1 kg. Colis de 6 boites. ;boite; 12,06 EUR; 12,06 EUR / kg; 72,36 EUR / colis;30 jour(s)
Épicerie;Sirop d'érable;MAPLE JOE;101876;Ambiant;Par bidon de 500 ml. Colis de 6 bidons. ;bidon; 10,66 EUR; 21,32 EUR / L; 63,95 EUR / colis;30 jour(s)
Accompagnements Assaisonnement;Riz étuvé indica qualité. supérieure;VIVIEN PAILLE;101994;Ambiant;Par sac de 5 kg. ;sac; 10,95 EUR;  2,19 EUR / kg;;30 jour(s)
Pâtisserie Biscuiterie Confiserie;M&M's peanut;M&M'S;102150;Ambiant;Portion de 45 g. Colis de 36 portions. ;colis; 36,19 EUR; 22,34 EUR / kg;  1,01 EUR / Portion;30 jour(s)
Accompagnements Assaisonnement;Riz arborio qualité supérieure;VIVIEN PAILLE;102201;Ambiant;Par sachet de 1 kg. Colis de 6 sachets. ;sachet;  3,14 EUR;  3,14 EUR / kg; 18,85 EUR / colis;30 jour(s)
Pâtisserie Biscuiterie Confiserie;Twix;TWIX;102238;Ambiant;Portion de 50 g. Boite de 32 portions. ;boite; 29,07 EUR; 18,17 EUR / kg;  0,91 EUR / Portion;30 jour(s)
Boissons;San Pellegrino vrac;SAN PELLEGRINO;102337;Ambiant;Portion de 500 ml. Colis de 24 portions. ;colis; 20,07 EUR;  1,67 EUR / L;  0,84 EUR / Portion;30 jour(s)
Accompagnements Assaisonnement;Sauce salade et sandwich. Caesar 1L;AMORA;102691;Ambiant;Par flacon de 1 litre. Colis de 6 flacons. ;flacon;  8,72 EUR;  8,72 EUR / L; 52,30 EUR / colis;30 jour(s)
Charcuterie Traiteur;Thon albacore nature;SAUPIQUET - FURIC;103150;Ambiant;Par poche de 650 g. Colis de 12 poches. ;poche; 10,00 EUR; 15,38 EUR / kg;119,98 EUR / colis;30 jour(s)
Charcuterie Traiteur;Salami Danois pur porc;BERNI;103960;Frais;Par pièce de 2.8 kg. ;pièce; 21,91 EUR;  7,83 EUR / kg;;7 jour(s)
Crèmerie Œufs Fromages;Cantafrais nature. 23 % m.g.;BEL;104059;Frais;Portion de 16.667 g. Coffret de 54 portions. ;coffret; 13,07 EUR; 14,52 EUR / kg;  0,24 EUR / Portion;7 jour(s)
Boissons;Jus d'orange abc avec pulpe;PLEIN FRUIT;104703;Ambiant;Brick de 1 litre. Colis de 6 bricks. ;colis; 15,44 EUR;  2,57 EUR / L;  2,57 EUR / brick;30 jour(s)
Boissons;Jus de pomme france abc;PLEIN FRUIT;104711;Ambiant;Brick de 1 litre. Colis de 6 bricks. ;colis;  8,81 EUR;  1,47 EUR / L;  1,47 EUR / brick;30 jour(s)
Boissons;Jus d'ananas;PLEIN FRUIT;104737;Ambiant;Brick de 1 litre. Colis de 6 bricks. ;colis; 14,00 EUR;  2,33 EUR / L;  2,33 EUR / brick;30 jour(s)
Boissons;Jus de pamplemousse;PLEIN FRUIT;104745;Ambiant;Brick de 1 litre. Colis de 6 bricks. ;colis; 11,95 EUR;  1,99 EUR / L;  1,99 EUR / brick;30 jour(s)
Accompagnements Assaisonnement;ketchup;HEINZ;109066;Ambiant;Par flacon de 570 g. Colis de 12 flacons. ;flacon;  3,43 EUR;  6,01 EUR / kg; 41,12 EUR / colis;30 jour(s)
Crèmerie Œufs Fromages;Préparation liquide pour crème. brulée aux oeufs et à la. vanille bourbon;PRESIDENT PRO;110189;Frais;Par brick de 1 litre. Colis de 6 bricks. ;brick;  6,45 EUR;  6,45 EUR / L; 38,68 EUR / colis;7 jour(s)
Pâtisserie Biscuiterie Confiserie;Madeleine aux oeufs. cloche d'argent;LE STER;111252;Ambiant;Portion de 25 g. Colis de 120 portions. ;colis; 19,16 EUR;  6,39 EUR / kg;  0,16 EUR / Portion;7 jour(s)
Desserts Glaces;Compote pomme allégée;VALADE;111855;Ambiant;Par boite 4/4 de 850 g. Colis de 12 boites 4/4. ;boite 4/4;  2,76 EUR;  3,25 EUR / kg; 33,12 EUR / colis;30 jour(s)
Épicerie;Confiture de framboise extra;VALADE EN CORREZE;112664;Ambiant;Par bocal de 1 kg. Colis de 6 bocaux. ;bocal; 10,10 EUR; 10,10 EUR / kg; 60,58 EUR / colis;30 jour(s)
Charcuterie Traiteur;Feuilles de brick. avec intercalaires;JR;113092;Frais;Portion de 17 g. Paquet de 10 portions. ;paquet;  1,10 EUR;  6,44 EUR / kg;  0,11 EUR / Portion;7 jour(s)
Épicerie;Sirop d'érable;MAPLE JOE;113613;Ambiant;Par bouteille de 250 ml. Colis de 12 bouteilles. ;bouteille;  4,49 EUR; 17,94 EUR / L; 53,82 EUR / colis;30 jour(s)
Desserts Glaces;"Tarte au chocolat. ""grand arôme"". diam. de 27 cm";BONCOLAC;115238;Surgele;Par pièce de 900 g. Colis de 6 pièces. ;pièce; 10,86 EUR; 12,07 EUR / kg; 65,16 EUR / colis;30 jour(s)
Accompagnements Assaisonnement;Tagliatelles aux oeufs;PANZANI;115642;Ambiant;Par colis de 5 kg. ;colis; 27,78 EUR;  5,56 EUR / kg;;30 jour(s)
Épicerie;Café moulu de Paris. 100 % arabica;QUOTIDIEN;117101;Ambiant;Portion de 80 g. Colis de 50 portions. ;colis; 87,95 EUR; 21,99 EUR / kg;  1,76 EUR / Portion;30 jour(s)
Épicerie;Café moulu équilibre. 50 % arabica - 50 % robusta;QUOTIDIEN;117127;Ambiant;Portion de 80 g. Colis de 50 portions. ;colis; 68,87 EUR; 17,22 EUR / kg;  1,38 EUR / Portion;30 jour(s)
Accompagnements Assaisonnement;Riz basmati qualité supérieure;VIVIEN PAILLE;120581;Ambiant;Par sac de 5 kg. ;sac; 14,60 EUR;  2,92 EUR / kg;;30 jour(s)
Charcuterie Traiteur;Jambon de dinde (10 x 10);JEAN ROUTHIAU;120725;Frais;Par pièce de 2.5 kg. Colis de 3 pièces. ;pièce; 22,91 EUR;  9,17 EUR / kg; 68,74 EUR / colis;7 jour(s)
Crèmerie Œufs Fromages;Emmental coeur de meule. 29 % m.g.;LA VIE DE CHATEAU;123406;Frais;Par pièce de 2 kg. Colis de 6 pièces. ;pièce; 15,87 EUR;  7,94 EUR / kg; 95,22 EUR / colis;7 jour(s)
Charcuterie Traiteur;Plaque feuilletée pur beurre. épaisseur 2,8mm. 57 x 37 cm;BANQUET D'OR;124206;Surgele;Pièce de 714 g. Colis de 14 pièces. ;colis;109,73 EUR; 10,98 EUR / kg;  7,84 EUR / pièce;30 jour(s)
Pâtisserie Biscuiterie Confiserie;Cake rocher. aux pépites de chocolat;LE STER;127647;Ambiant;Portion de 37.5 g. Colis de 120 portions. ;colis; 41,96 EUR;  9,33 EUR / kg;  0,35 EUR / Portion;30 jour(s)
Pâtisserie Biscuiterie Confiserie;Cake rocher aux fruits;LE STER;129395;Ambiant;Portion de 37.5 g. Colis de 120 portions. ;colis; 33,08 EUR;  7,35 EUR / kg;  0,28 EUR / Portion;30 jour(s)
Pâtisserie Biscuiterie Confiserie;Madeleine de Commercy. pur beurre;ST MICHEL;130955;Ambiant;Portion de 25 g. Colis de 100 portions. ;colis; 38,39 EUR; 15,36 EUR / kg;  0,38 EUR / Portion;7 jour(s)
Pâtisserie Biscuiterie Confiserie;Madeleine de Commercy. aux oeufs frais;ST MICHEL;130963;Ambiant;Portion de 21 g. Colis de 100 portions. ;colis; 20,86 EUR;  9,94 EUR / kg;  0,21 EUR / Portion;7 jour(s)
Boissons;Eau minérale evian;EVIAN;134080;Ambiant;Bouteille de 1 litre. Colis de 12 bouteilles. ;colis; 12,95 EUR;  1,08 EUR / L;  1,08 EUR / bouteille;30 jour(s)
Charcuterie Traiteur;Fondant de poulet farci aux. cèpes;JEAN ROUTHIAU;134221;Surgele;Portion de 160 g. Colis de 30 portions. ;colis; 54,97 EUR; 11,45 EUR / kg;  1,83 EUR / Portion;30 jour(s)
Épicerie;Nescafé spécial filtre. décaféiné;NESCAFE;140475;Ambiant;Etui de 50 g. Colis de 12 etuis. Etui de 25 portions. ;colis; 80,09 EUR;133,48 EUR / kg;  6,67 EUR / etui;30 jour(s)
Épicerie;Marmelade d'orange amère;BONNE MAMAN;141549;Ambiant;Bocal de 370 g. Colis de 6 bocaux. ;colis; 12,32 EUR;  5,55 EUR / kg;  2,05 EUR / bocal;30 jour(s)
Crèmerie Œufs Fromages;Beurre demi sel micropain;PRESIDENT;142778;Frais;Portion de 10 g. Boite de 100 portions. ;boite; 12,16 EUR; 12,16 EUR / kg;  0,12 EUR / Portion;7 jour(s)
Épicerie;Confiture 3 parfums assortis. abricots, fraises, groseilles. 30 g;VALADE EN CORREZE;148973;Ambiant;Portion de 30 g. Colis de 120 portions. ;colis; 12,91 EUR;  3,59 EUR / kg;  0,11 EUR / Portion;30 jour(s)
Crèmerie Œufs Fromages;Micro-beurrier demi sel 80 %. m.g.;PRESIDENT;157610;Frais;Boite de 1 kg. Colis de 6 boites. Boite de 100 portions. ;colis; 84,85 EUR; 14,14 EUR / kg; 14,14 EUR / boite;7 jour(s)
Charcuterie Traiteur;Jambon supérieur entier dd. cuit au torchon vpf;MADRANGE;157677;Frais;Pièce de 6.7 kg. Colis de 2 pièces. ;colis;142,82 EUR; 10,66 EUR / kg; 71,41 EUR / pièce;7 jour(s)
Crèmerie Œufs Fromages;Crème fouettée uht à la. vanille, 32% m.g.;PRESIDENT PRO;158873;Frais;Par bombe de 500 ml. Colis de 12 bombes. ;bombe;  6,40 EUR; 12,79 EUR / L; 76,76 EUR / colis;7 jour(s)
Viandes Volailles Gibier;Faux filet de boeuf tataki;BEAUVALLET RESTAURATION;159183;Surgele;Sachet de 200 g. Colis de 10 sachets. ;colis; 68,49 EUR; 34,25 EUR / kg;  6,85 EUR / sachet;30 jour(s)
Épicerie;Café grains emozioni;SEGAFREDO ZANETTI;161794;Ambiant;Par paquet de 1 kg. Colis de 6 paquets. ;paquet; 28,57 EUR; 28,57 EUR / kg;171,43 EUR / colis;30 jour(s)
Crèmerie Œufs Fromages;Mascarpone 41.5 % m.g.;GALBANI PRO;162768;Frais;Par pot de 500 g. Colis de 8 pots. ;pot;  7,29 EUR; 14,59 EUR / kg; 58,35 EUR / colis;7 jour(s)
Fruits et Légumes;Chou chinois. catégorie 1;STKFL;164153;Frais;Pièce de 800 g. Colis de 8 pièces. ;colis; 17,75 EUR;  2,77 EUR / kg;  2,22 EUR / pièce;
Crèmerie Œufs Fromages;Tranche d'emmental 28 %. m.g., spécial sandwich;PRESIDENT PRO;173336;Frais;Portion de 15 g. Barquette de 32 portions. ;barquette;  9,08 EUR; 18,92 EUR / kg;  0,28 EUR / Portion;7 jour(s)
Épicerie;Confiture de fraises;BONNE MAMAN;177246;Ambiant;Par bocal de 370 g. Colis de 6 bocaux. ;bocal;  2,93 EUR;  7,92 EUR / kg; 17,59 EUR / colis;30 jour(s)
Épicerie;Confiture d'abricots;BONNE MAMAN;177253;Ambiant;Par bocal de 370 g. Colis de 6 bocaux. ;bocal;  2,50 EUR;  6,75 EUR / kg; 14,98 EUR / colis;30 jour(s)
Épicerie;Confiture 4 fruits rouges;BONNE MAMAN;177261;Ambiant;Bocal de 370 g. Colis de 6 bocaux. ;colis; 17,61 EUR;  7,93 EUR / kg;  2,94 EUR / bocal;30 jour(s)
Fruits et Légumes;Avocat Hass mur à point. catégorie 1;STKFL;180019;Frais;Pièce de 181 g. Colis de 22 pièces. ;colis; 21,67 EUR;  5,44 EUR / kg;  0,99 EUR / pièce;
Crèmerie Œufs Fromages;Beurre doux micropain;PRESIDENT;180315;Frais;Portion de 8 g. Boite de 125 portions. ;boite; 13,95 EUR; 13,95 EUR / kg;  0,11 EUR / Portion;7 jour(s)
Épicerie;Plaque de pain de mie. dim. 30 x 40 cm;BONCOLAC;184366;Surgele;Lot de 1.25 kg. Colis de 4 lots. Lot de 5 portions. ;colis; 60,25 EUR; 12,05 EUR / kg; 15,06 EUR / lot;30 jour(s)
Desserts Glaces;Gâteau basque pur beurre. diam. de 27 cm;BONCOLAC;184408;Surgele;Par pièce de 1 kg. Colis de 6 pièces. ;pièce;  7,37 EUR;  7,37 EUR / kg; 44,23 EUR / colis;30 jour(s)
Viandes Volailles Gibier;Steak haché grand cru pur. boeuf 15 % m.g.. vbf 100% muscle;CHARAL;184937;Surgele;Portion de 150 g. Colis de 40 portions. ;colis; 83,82 EUR; 13,97 EUR / kg;  2,10 EUR / Portion;30 jour(s)
Charcuterie Traiteur;Saucisse supérieure fumée. cuite au bois d'hetre;CHARLES KELLER;186809;Frais;Portion de 60 g. Paquet de 20 portions. ;paquet; 10,92 EUR;  9,10 EUR / kg;  0,55 EUR / Portion;7 jour(s)
Épicerie;Confiture de figues violettes;BONNE MAMAN;188953;Ambiant;Par bocal de 370 g. Colis de 6 bocaux. ;bocal;  2,33 EUR;  6,30 EUR / kg; 13,99 EUR / colis;30 jour(s)
Accompagnements Assaisonnement;Sauce soja Kikkoman salé;KIKKOMAN;192653;Ambiant;Par bouteille de 1 litre. Colis de 6 bouteilles. ;bouteille; 11,29 EUR; 11,29 EUR / L; 67,72 EUR / colis;30 jour(s)
Accompagnements Assaisonnement;Vinaigre de cidre;BORGES;193429;Ambiant;Par bouteille de 1 litre. Colis de 15 bouteilles. ;bouteille;  3,96 EUR;  3,96 EUR / L; 59,34 EUR / colis;30 jour(s)
Fruits et Légumes;Melon vert 1200/1800. catégorie 1;STKFL;196127;Frais;Pièce de 1.2 kg. Colis de 6 pièces. ;colis; 12,07 EUR;  1,68 EUR / kg;  2,01 EUR / pièce;
Crèmerie Œufs Fromages;Chèvre long. 20 % m.g.;MELUSINE;196489;Frais;Par pièce de 180 g. Colis de 18 pièces. ;pièce;  2,10 EUR; 11,64 EUR / kg; 37,73 EUR / colis;7 jour(s)
Crèmerie Œufs Fromages;Beurre doux;PRESIDENT PROFESSIONNEL;196574;Frais;Par plaque de 500 g. Colis de 20 plaques. ;plaque;  5,21 EUR; 10,43 EUR / kg;104,26 EUR / colis;7 jour(s)
Crèmerie Œufs Fromages;Beurre demi sel;PRESIDENT PROFESSIONNEL;196575;Frais;Par plaque de 500 g. Colis de 20 plaques. ;plaque;  5,30 EUR; 10,60 EUR / kg;106,00 EUR / colis;7 jour(s)
Épicerie;Confiture d'abricot 35 %;VALADE EN CORREZE;200401;Ambiant;Par bocal de 1 kg. Colis de 6 bocaux. ;bocal;  4,45 EUR;  4,45 EUR / kg; 26,72 EUR / colis;30 jour(s)
Poissons Coquillages Crustacés;Longe d'espadon décongelée;;200547;Frais;Par colis de 3 kg. ;colis; 51,35 EUR; 17,12 EUR / kg;;3 jour(s)
Crèmerie Œufs Fromages;Yaourts aux fruits 5%. pot de 125 g;NOVA;200595;Frais;Lot de 500 g. Colis de 12 lots. Lot de 4 portions. ;colis; 13,14 EUR;  2,19 EUR / kg;  1,10 EUR / lot;7 jour(s)
Pains Viennoiserie Pâtes;Baguette essentielle. précuite sur sole;BRIDOR;200668;Surgele;Portion de 280 g. Colis de 25 portions. ;colis; 17,15 EUR;  2,45 EUR / kg;  0,69 EUR / Portion;30 jour(s)
Pains Viennoiserie Pâtes;Pain carre nature. Précuit sur sole;BRIDOR;200669;Surgele;Portion de 40 g. Colis de 200 portions. ;colis; 18,94 EUR;  2,37 EUR / kg;  0,09 EUR / Portion;30 jour(s)
Épicerie;Segments de pamplemousse au. sirop. boite a10;ST MAMET;200716;Ambiant;Par boite de 1.6 kg. Colis de 6 boites. ;boite;  9,00 EUR;  5,63 EUR / kg; 54,00 EUR / colis;30 jour(s)
Crèmerie Œufs Fromages;Creme dessert caramel danette;DANETTE;200951;Frais;Lot de 500 g. Colis de 8 lots. Lot de 4 portions. ;colis; 21,32 EUR;  5,33 EUR / kg;  2,67 EUR / lot;7 jour(s)
Crèmerie Œufs Fromages;Crème dessert vanille danette;DANETTE;200978;Frais;Portion de 125 g. Lot de 4 portions. ;lot;  2,66 EUR;  5,32 EUR / kg;  0,66 EUR / Portion;7 jour(s)
Crèmerie Œufs Fromages;Crème dessert chocolat danette;DANETTE;201000;Frais;Lot de 500 g. Colis de 8 lots. Lot de 4 portions. ;colis; 21,53 EUR;  5,38 EUR / kg;  2,69 EUR / lot;7 jour(s)
Crèmerie Œufs Fromages;Fromage blanc de campagne. 40% m.g.;ALSACE LAIT;201056;Frais;Par seau de 5 kg. ;seau; 13,60 EUR;  2,72 EUR / kg;;7 jour(s)
Pains Viennoiserie Pâtes;Pain chocolat bio. pret à cuire;BRIDOR;202008;Surgele;Portion de 75 g. Colis de 70 portions. ;colis; 51,94 EUR;  9,89 EUR / kg;  0,74 EUR / Portion;30 jour(s)
Boissons;Jus multifruits;GRANINI;202171;Ambiant;Par bag in box de 10 litre. ;bag in box; 29,42 EUR;  2,94 EUR / L;;30 jour(s)
Épicerie;Confiture de framboise;BONNE MAMAN;202321;Ambiant;Par bocal de 370 g. Colis de 6 bocaux. ;bocal;  3,88 EUR; 10,49 EUR / kg; 23,29 EUR / colis;30 jour(s)
Crèmerie Œufs Fromages;Yaourt muesli bifidus activia. amande quinoa chia;ACTIVIA;204108;Frais;Pot de 170 g. Colis de 6 pots. ;colis;  8,50 EUR;  8,34 EUR / kg;  1,42 EUR / pot;7 jour(s)
Crèmerie Œufs Fromages;Yaourt muesli bifidus activia. framboise et graines de chia;ACTIVIA;204109;Frais;Pot de 170 g. Colis de 6 pots. ;colis;  8,50 EUR;  8,34 EUR / kg;  1,42 EUR / pot;7 jour(s)
Crèmerie Œufs Fromages;Sojasun nature;SOJASUN;204283;Frais;Plaque de 400 g. Colis de 6 plaques. Plaque de 4 portions. ;colis; 12,29 EUR;  5,12 EUR / kg;  2,05 EUR / plaque;7 jour(s)
Charcuterie Traiteur;Rosette tranchée. label rouge. 50 tranches;BELL;204344;Frais;Portion de 5 g. Barquette de 50 portions. ;barquette;  4,15 EUR; 16,61 EUR / kg;  0,08 EUR / Portion;7 jour(s)
Crèmerie Œufs Fromages;Pont l'éveque aop 22% m.g.;DOMAINE D'ANTIGNAC;204513;Frais;Par pièce de 360 g. Colis de 12 pièces. ;pièce;  4,93 EUR; 13,68 EUR / kg; 59,11 EUR / colis;7 jour(s)
Viandes Volailles Gibier;Sauté d'agneau épaule/gigot. self- frais ou décongelé;PRIMBEEF;204591;Frais;Portion de 60.606 g. Colis de 33 portions. ;colis; 38,50 EUR; 19,25 EUR / kg;  1,17 EUR / Portion;7 jour(s)
Charcuterie Traiteur;Foie gras de canard mi-cuit. igp du sud ouest;PIERRE FOSSAT;204778;Frais;Par barquette de 500 g. Colis de 10 barquettes. ;barquette; 34,00 EUR; 68,00 EUR / kg;340,00 EUR / colis;7 jour(s)
Accompagnements Assaisonnement;Huile d'arachide;MAUREL;204809;Ambiant;Par bidon de 25 litre. ;bidon; 75,40 EUR;  3,02 EUR / L;;30 jour(s)
Boissons;Jus d'orange pressée;ANDROS;204890;Frais;Bouteille de 261 ml. Colis de 6 bouteilles. ;colis;  8,46 EUR;  5,40 EUR / L;  1,41 EUR / bouteille;7 jour(s)
Pains Viennoiserie Pâtes;Baguette de campagne;BRIDOR;204918;Surgele;Portion de 280 g. Colis de 25 portions. ;colis; 16,58 EUR;  2,37 EUR / kg;  0,66 EUR / Portion;30 jour(s)
Pains Viennoiserie Pâtes;boule rustique précuit sur. sole;BRIDOR;204924;Surgele;Portion de 55 g. Colis de 70 portions. ;colis; 20,31 EUR;  5,28 EUR / kg;  0,29 EUR / Portion;30 jour(s)
Pains Viennoiserie Pâtes;Baguettine sandwich nature;BRIDOR;204926;Surgele;Portion de 140 g. Colis de 50 portions. ;colis; 19,17 EUR;  2,74 EUR / kg;  0,38 EUR / Portion;30 jour(s)
Pains Viennoiserie Pâtes;Baguette multigrains;BRIDOR;204927;Surgele;Portion de 280 g. Colis de 25 portions. ;colis; 20,01 EUR;  2,86 EUR / kg;  0,80 EUR / Portion;30 jour(s)
Pains Viennoiserie Pâtes;Pain rectangle nature precuit. sur sole;BRIDOR;204940;Surgele;Portion de 55 g. Colis de 140 portions. ;colis; 18,78 EUR;  2,44 EUR / kg;  0,13 EUR / Portion;30 jour(s)
Pains Viennoiserie Pâtes;Croissant beurre fin. pret à cuire;ECLAT DU TERROIR;204948;Surgele;Portion de 30 g. Colis de 195 portions. ;colis; 43,42 EUR;  7,42 EUR / kg;  0,22 EUR / Portion;30 jour(s)
Pains Viennoiserie Pâtes;mini pain chocolat beurre fin. pret à cuire;ECLAT DU TERROIR;204949;Surgele;Portion de 35 g. Colis de 210 portions. ;colis; 59,75 EUR;  8,13 EUR / kg;  0,28 EUR / Portion;30 jour(s)
Crèmerie Œufs Fromages;St moret 45% m.g. calcium et. vitamine D réduit en sel -25%;ST MORET;205130;Frais;Portion de 20 g. Plaque de 12 portions. ;plaque;  3,27 EUR; 13,62 EUR / kg;  0,27 EUR / Portion;7 jour(s)
Crèmerie Œufs Fromages;Yaourt nature au lait entier. seau de 5 kg;PETIT BRETON;205141;Frais;Par seau de 5 kg. ;seau; 17,08 EUR;  3,42 EUR / kg;;7 jour(s)
Crèmerie Œufs Fromages;Brie 33% m.g.;MAUBERT;205230;Frais;Par pièce de 1 kg. Colis de 2 pièces. ;pièce;  8,89 EUR;  8,89 EUR / kg; 17,77 EUR / colis;7 jour(s)
Épicerie;Pruneaux séchés dénoyautés. calibre 60/70;LA PULPE;205590;Ambiant;Par sachet de 1 kg. Colis de 10 sachets. ;sachet;  6,69 EUR;  6,69 EUR / kg; 66,92 EUR / colis;30 jour(s)
Accompagnements Assaisonnement;huile d'olive vierge extra;OLIVELLA;206354;Ambiant;Par bidon de 5 litre. Colis de 3 bidons. ;bidon; 36,96 EUR;  7,39 EUR / L;110,89 EUR / colis;30 jour(s)
Poissons Coquillages Crustacés;Filet omble chevalier avec. peau;;206702;Frais;Portion de 170 g. Barquette de 10 portions. ;barquette; 59,23 EUR; 34,84 EUR / kg;  5,92 EUR / Portion;3 jour(s)
Épicerie;chips nature. au sel de guérande;BRET'S;206934;Ambiant;Sachet de 30 g. Colis de 100 sachets. ;colis; 32,10 EUR; 10,70 EUR / kg;  0,32 EUR / sachet;30 jour(s)
Accompagnements Assaisonnement;vinaigre balsamique blanc;BORGES;206975;Ambiant;Par bouteille de 2 litre. Colis de 6 bouteilles. ;bouteille; 12,13 EUR;  6,07 EUR / L; 72,80 EUR / colis;30 jour(s)
Crèmerie Œufs Fromages;Lait d'amande bio;THE BRIDGE;207098;Ambiant;Bouteille de 1 litre. Colis de 6 bouteilles. ;colis; 33,22 EUR;  5,54 EUR / L;  5,54 EUR / bouteille;30 jour(s)
Poissons Coquillages Crustacés;coques;;207513;Frais;Par barquette de 1 kg. ;barquette; 11,21 EUR; 11,21 EUR / kg;;
Boissons;Coca cola;COCA COLA;208024;Ambiant;Bouteille de 1.25 litre. Colis de 6 bouteilles. ;colis; 15,50 EUR;  2,07 EUR / L;  2,58 EUR / bouteille;30 jour(s)
Crèmerie Œufs Fromages;Saint nectaire aop laitier. 27% m.g.;LA VIE DE CHATEAU;208328;Frais;Portion de 30 g. Barquette de 24 portions. ;barquette; 10,28 EUR; 14,28 EUR / kg;  0,43 EUR / Portion;7 jour(s)
Pâtisserie Biscuiterie Confiserie;Petit beurre x2 bio;KER CADELAC;208457;Ambiant;Etui de 20 g. Colis de 180 etuis. ;colis; 63,36 EUR; 17,60 EUR / kg;  0,35 EUR / etui;30 jour(s)
Viandes Volailles Gibier;Filet de boeuf semi-paré;BEAUVALLET NEGOCE;208527;Frais;Par pièce de 2.4 kg. ;pièce; 71,70 EUR; 29,88 EUR / kg;;7 jour(s)
Poissons Coquillages Crustacés;Filet de rouget barbet de. Thailande /Vietnam avec peau. sans arete;;208549;Surgele;Par sachet de 1 kg. Colis de 5 sachets. ;sachet; 17,36 EUR; 17,36 EUR / kg; 86,81 EUR / colis;30 jour(s)
Crèmerie Œufs Fromages;Camembert au lait pasteurisé. 21 % m.g;AMBASSADOR;208709;Frais;Par pièce de 240 g. Colis de 12 pièces. ;pièce;  2,78 EUR; 11,57 EUR / kg; 33,32 EUR / colis;7 jour(s)
Boissons;Pur jus pasteurisé orange bib. bag in box de 3 l;ANDROS;208744;Frais;Bag in box de 3 litre. Colis de 3 bags in box. ;colis; 40,38 EUR;  4,49 EUR / L; 13,46 EUR / bag in box;7 jour(s)
Boissons;Jus multifruits bib;ANDROS;208983;Frais;Par bag in box de 10 litre. ;bag in box; 35,80 EUR;  3,58 EUR / L;;7 jour(s)
Pâtisserie Biscuiterie Confiserie;Madeleine pépites chocolat bio;ST MICHEL;209031;Ambiant;Portion de 25 g. Colis de 100 portions. ;colis; 34,13 EUR; 13,65 EUR / kg;  0,34 EUR / Portion;30 jour(s)
Boissons;Ice tea peche. slim;LIPTON;209040;Ambiant;Boite de 330 ml. Colis de 24 boites. ;colis; 19,56 EUR;  2,47 EUR / L;  0,82 EUR / boite;30 jour(s)
Accompagnements Assaisonnement;Fumet de poisson déshydraté. jusqu'à 50 l;KNORR;209045;Ambiant;Par boite de 750 g. Colis de 6 boites. ;boite; 18,38 EUR; 24,51 EUR / kg;110,29 EUR / colis;30 jour(s)
Charcuterie Traiteur;Chipolata précuite. pièce de 50 g;;209063;Frais;Sachet de 1 kg. Colis de 8 sachets. Sachet de 20 portions. ;colis; 64,27 EUR;  8,03 EUR / kg;  8,03 EUR / sachet;7 jour(s)
Boissons;Jus orange Tropicana. sans pulpe;TROPICANA;209090;Ambiant;Par bag in box de 10 litre. ;bag in box; 39,09 EUR;  3,91 EUR / L;;30 jour(s)
Poissons Coquillages Crustacés;Filet de saumon ecossais label. rouge;;209265;Frais;Par pièce de 1.75 kg. ;pièce; 34,99 EUR; 20,00 EUR / kg;;2 jour(s)
Charcuterie Traiteur;Corail d'oursin pasteurisé;;209269;Frais;Par pot de 50 g. Colis de 6 pots. ;pot; 18,31 EUR;366,12 EUR / kg;109,84 EUR / colis;7 jour(s)
Crèmerie Œufs Fromages;Oeuf frais gros plein air;SERVIS OEUF;209999;Frais;Portion de 63 g. Colis de 180 portions. ;colis; 51,74 EUR;  4,56 EUR / kg;  0,29 EUR / Portion;7 jour(s)
Équipement Hygiène;Sac de congélation. 20 microns, 3 litres;;210426;Ambiant;Rouleau de 75 portions. ;rouleau;  2,16 EUR;;  0,03 EUR / Portion;
Boissons;Jus de pomme;ANDROS;210944;Frais;Par bag in box de 10 litre. ;bag in box; 32,56 EUR;  3,26 EUR / L;;7 jour(s)
Crèmerie Œufs Fromages;Lait concentré non sucré 4%;GLORIA;211319;Ambiant;Portion de 7.5 g. Colis de 240 portions. ;colis; 14,71 EUR;  8,17 EUR / kg;  0,06 EUR / Portion;30 jour(s)
Boissons;Coca cola 50cl;COCA COLA;211377;Ambiant;Bouteille de 500 ml. Colis de 24 bouteilles. ;colis; 35,86 EUR;  2,99 EUR / L;  1,49 EUR / bouteille;30 jour(s)
Boissons;Coca cola slim;COCA COLA;211383;Ambiant;Boite de 330 ml. Colis de 24 boites. ;colis; 24,67 EUR;  3,12 EUR / L;  1,03 EUR / boite;30 jour(s)
Boissons;Coca cola sans sucres;COCA COLA;211388;Ambiant;Bouteille de 500 ml. Colis de 12 bouteilles. ;colis; 14,99 EUR;  2,50 EUR / L;  1,25 EUR / bouteille;30 jour(s)
Boissons;Coca cola sans sucre slim;COCA COLA;211389;Ambiant;Boite de 330 ml. Colis de 24 boites. ;colis; 21,55 EUR;  2,72 EUR / L;  0,90 EUR / boite;30 jour(s)
Accompagnements Assaisonnement;Fond brun lie pour 30 litres;KNORR;211746;Ambiant;Par boite de 750 g. Colis de 6 boites. ;boite; 13,28 EUR; 17,70 EUR / kg; 79,67 EUR / colis;30 jour(s)
Viandes Volailles Gibier;Filet de poulet halal;;212173;Frais;Par barquette de 2.5 kg. Colis de 4 barquettes. ;barquette; 21,10 EUR;  8,44 EUR / kg; 84,40 EUR / colis;3 jour(s)
Boissons;Pur jus d orange bib. bag in box de 10 l;ANDROS;212779;Frais;Par bag in box de 10 litre. ;bag in box; 35,00 EUR;  3,50 EUR / L;;7 jour(s)
Charcuterie Traiteur;Velouté de tomate/basilic;LA POTAGERE;213087;Ambiant;Par brick de 1 litre. Colis de 6 bricks. ;brick;  1,59 EUR;  1,59 EUR / L;  9,51 EUR / colis;30 jour(s)
Accompagnements Assaisonnement;Risotto exquisotto. 15 min;BEN'S ORIGINAL;213158;Ambiant;Par sac de 2.5 kg. Colis de 3 sacs. ;sac; 14,11 EUR;  5,65 EUR / kg; 42,34 EUR / colis;30 jour(s)
Boissons;Jus multifruits;ANDROS;213174;Frais;Bag in box de 3 litre. Colis de 3 bags in box. ;colis; 42,59 EUR;  4,73 EUR / L; 14,20 EUR / bag in box;7 jour(s)
Charcuterie Traiteur;Salade de pâtes au poulet. sauce caesar;LA BELLE HENRIETTE;213466;Frais;Par barquette de 1.5 kg. Colis de 2 barquettes. ;barquette; 12,53 EUR;  8,36 EUR / kg; 25,07 EUR / colis;7 jour(s)
Épicerie;Thé vert sencha bio;BARONNY'S;213565;Ambiant;Portion de 1.8 g. Boite de 20 portions. ;boite;  2,62 EUR; 72,83 EUR / kg;  0,13 EUR / Portion;30 jour(s)
Épicerie;Thé noir darjeeling bio;BARONNY'S;213566;Ambiant;Portion de 2 g. Boite de 20 portions. ;boite;  2,95 EUR; 73,68 EUR / kg;  0,15 EUR / Portion;30 jour(s)
Épicerie;Tisane détente bio;BARONNY'S;213569;Ambiant;Portion de 1.5 g. Boite de 20 portions. ;boite;  3,62 EUR;120,80 EUR / kg;  0,18 EUR / Portion;30 jour(s)
Épicerie;Thé vert à la menthe bio;BARONNY'S;213581;Ambiant;Portion de 1.5 g. Boite de 20 portions. ;boite;  2,72 EUR; 90,70 EUR / kg;  0,14 EUR / Portion;30 jour(s)
Accompagnements Assaisonnement;Tabasco rouge;TABASCO;213614;Ambiant;Par bouteille de 60 g. Colis de 12 bouteilles. ;bouteille;  3,60 EUR; 60,07 EUR / kg; 43,25 EUR / colis;30 jour(s)
Fruits et Légumes;Betterave rouge entiére;BTG;213876;Frais;Par sachet de 500 g. Colis de 12 sachets. ;sachet;  0,89 EUR;  1,77 EUR / kg; 10,63 EUR / colis;10 jour(s)
Crèmerie Œufs Fromages;Mini babybel rouge;BEL;214110;Frais;Portion de 20 g. Coffret de 96 portions. ;coffret; 39,38 EUR; 20,51 EUR / kg;  0,41 EUR / Portion;7 jour(s)
Équipement Hygiène;Agitateur bois 110mm;;214706;Ambiant;Boite de 1000 portions. ;boite;  1,90 EUR;;  0,00 EUR / Portion;
Accompagnements Assaisonnement;Lait de coco;THAI KITCHEN;215350;Ambiant;Par brick de 1 litre. Colis de 6 bricks. ;brick;  4,76 EUR;  4,76 EUR / L; 28,55 EUR / colis;30 jour(s)
Pains Viennoiserie Pâtes;Pain de campagne. bio;BRIDOR;215388;Surgele;Portion de 400 g. Colis de 15 portions. ;colis; 22,34 EUR;  3,72 EUR / kg;  1,49 EUR / Portion;30 jour(s)
Desserts Glaces;Crêpe de froment nature. non sucrée. diamètre 27 cm;LE MONDE DES CREPES;215667;Surgele;Portion de 40 g. Colis de 50 portions. ;colis; 17,88 EUR;  8,94 EUR / kg;  0,36 EUR / Portion;30 jour(s)
Desserts Glaces;Pancake 10 cm. pièce de 30 g;LE MONDE DES CREPES;215689;Surgele;Portion de 30 g. Colis de 80 portions. ;colis; 18,66 EUR;  7,78 EUR / kg;  0,23 EUR / Portion;30 jour(s)
Charcuterie Traiteur;Artichauts grillés aux saveurs. du sud;SUD & SOL;215744;Frais;Par barquette de 1 kg. Colis de 4 barquettes. ;barquette; 13,43 EUR; 13,43 EUR / kg; 53,73 EUR / colis;10 jour(s)
Desserts Glaces;Tarte normande aux pommes. pur beurre - entière;SYMPHONIE PASQUIER;215850;Surgele;Par pièce de 900 g. Colis de 4 pièces. ;pièce;  5,98 EUR;  6,65 EUR / kg; 23,93 EUR / colis;30 jour(s)
Pâtisserie Biscuiterie Confiserie;Couverture extra bitter 64%. Guayaquil pureté;CACAO BARRY;215851;Ambiant;Par sac de 5 kg. Colis de 4 sacs. ;sac;109,30 EUR; 21,86 EUR / kg;437,19 EUR / colis;30 jour(s)
Pâtisserie Biscuiterie Confiserie;Gélatine 200 bloom. 250 feuilles;EXCELLENCE;216577;Ambiant;Portion de 2 g. Boite de 250 portions. ;boite; 17,23 EUR; 34,46 EUR / kg;  0,07 EUR / Portion;30 jour(s)
Pains Viennoiserie Pâtes;Graines de chia;OLYMPFRUITS;216612;Ambiant;Par sachet de 500 g. Colis de 20 sachets. ;sachet;  5,90 EUR; 11,80 EUR / kg;118,00 EUR / colis;30 jour(s)
Charcuterie Traiteur;Velouté aux 7 légumes;LA POTAGERE;216823;Ambiant;Par brick de 1 litre. Colis de 6 bricks. ;brick;  1,61 EUR;  1,61 EUR / L;  9,65 EUR / colis;30 jour(s)
Crèmerie Œufs Fromages;Camembert au lait cru. 22 % m.g.;FLEURS DE POMMIER;217050;Frais;Par pièce de 250 g. Colis de 30 pièces. ;pièce;  3,00 EUR; 11,98 EUR / kg; 89,88 EUR / colis;7 jour(s)
Pâtisserie Biscuiterie Confiserie;Madeleine pur beurre aux oeufs;ATELIER ST MICHEL;217403;Surgele;Portion de 45 g. Colis de 70 portions. ;colis; 32,38 EUR; 10,28 EUR / kg;  0,46 EUR / Portion;30 jour(s)
Pains Viennoiserie Pâtes;Pain aux graines sans gluten. emballage individuel;BRIDOR;217424;Surgele;Portion de 45 g. Colis de 50 portions. ;colis; 37,92 EUR; 16,85 EUR / kg;  0,76 EUR / Portion;30 jour(s)
Pains Viennoiserie Pâtes;Pain sans gluten. emballage individuel;BRIDOR;217425;Surgele;Portion de 45 g. Colis de 50 portions. ;colis; 36,62 EUR; 16,28 EUR / kg;  0,73 EUR / Portion;30 jour(s)
Pains Viennoiserie Pâtes;Briochette sans gluten. emballage individuel;BRIDOR;217426;Surgele;Portion de 50 g. Colis de 50 portions. ;colis; 51,27 EUR; 20,51 EUR / kg;  1,03 EUR / Portion;30 jour(s)
Pâtisserie Biscuiterie Confiserie;Madeleine sans gluten. emballage individuel;BRIDOR;217427;Surgele;Portion de 30 g. Colis de 50 portions. ;colis; 47,98 EUR; 31,98 EUR / kg;  0,96 EUR / Portion;30 jour(s)
Charcuterie Traiteur;Carotte râpée assaisonée;LA BELLE HENRIETTE;217574;Frais;Par barquette de 2.5 kg. Colis de 2 barquettes. ;barquette;  9,20 EUR;  3,68 EUR / kg; 18,40 EUR / colis;7 jour(s)
Charcuterie Traiteur;Céleri remoulade;LA BELLE HENRIETTE;217575;Frais;Par barquette de 2.5 kg. Colis de 2 barquettes. ;barquette; 11,25 EUR;  4,50 EUR / kg; 22,49 EUR / colis;7 jour(s)
Charcuterie Traiteur;Champignon à la grecque;LA BELLE HENRIETTE;217576;Frais;Par barquette de 2.5 kg. Colis de 2 barquettes. ;barquette; 18,46 EUR;  7,38 EUR / kg; 36,91 EUR / colis;7 jour(s)
Charcuterie Traiteur;Taboulé oriental;LA BELLE HENRIETTE;217582;Frais;Par barquette de 2.5 kg. Colis de 2 barquettes. ;barquette;  9,39 EUR;  3,76 EUR / kg; 18,78 EUR / colis;7 jour(s)
Pains Viennoiserie Pâtes;Pain de mie sans gluten;GERBLE;217661;Ambiant;Paquet de 350 g. Colis de 6 paquets. ;colis; 23,34 EUR; 11,11 EUR / kg;  3,89 EUR / paquet;30 jour(s)
Crèmerie Œufs Fromages;Crème tenue et foisonnement. UHT 35% m.g.;DEBIC;217730;Frais;Bouteille de 996 ml. Colis de 6 bouteilles. ;colis; 39,23 EUR;  6,56 EUR / L;  6,54 EUR / bouteille;7 jour(s)
Poissons Coquillages Crustacés;Filet de maquereau;;218201;Frais;Portion de 100 g. Colis de 30 portions. ;colis; 37,80 EUR; 12,60 EUR / kg;  1,26 EUR / Portion;
Charcuterie Traiteur;Poivrons grillés marinés. les cuisinés;SUD & SOL;218991;Frais;Par barquette de 1 kg. Colis de 4 barquettes. ;barquette; 11,29 EUR; 11,29 EUR / kg; 45,15 EUR / colis;7 jour(s)
Charcuterie Traiteur;Mini panés végètarien;BOUCHER VEGETARIEN;219659;Surgele;Par colis de 1.75 kg. ;colis; 24,56 EUR; 14,03 EUR / kg;;30 jour(s)
Viandes Volailles Gibier;Echine de porc désossée;;219785;Surgele;Pièce de 2.2 kg. Colis de 4 pièces. ;colis; 61,46 EUR;  6,98 EUR / kg; 15,37 EUR / pièce;30 jour(s)
Épicerie;Café moulu intermezzo. 100% robusta;SEGAFREDO ZANETTI;220194;Ambiant;Par paquet de 1 kg. Colis de 6 paquets. ;paquet; 19,45 EUR; 19,45 EUR / kg;116,68 EUR / colis;30 jour(s)
Pâtisserie Biscuiterie Confiserie;Madeleine aux pépites. de  chocolat;ST MICHEL;221066;Ambiant;Portion de 25 g. Colis de 100 portions. ;colis; 25,31 EUR; 10,13 EUR / kg;  0,25 EUR / Portion;30 jour(s)
Desserts Glaces;Brownie au chocolat et. noix de pécan éco;CSM;221081;Surgele;Portion de 78.333 g. Plaque de 30 portions. ;plaque; 20,59 EUR;  8,76 EUR / kg;  0,69 EUR / Portion;30 jour(s)
Charcuterie Traiteur;Jambon supérieure découenné. dégraissé vpf;;221153;Frais;Portion de 50 g. Barquette de 20 portions. ;barquette; 10,52 EUR; 10,52 EUR / kg;  0,53 EUR / Portion;7 jour(s)
Crèmerie Œufs Fromages;Camembert de Normandie. au lait cru, 20% m.g. aop;SELECTION MQH POUR TG;221189;Frais;Par pièce de 250 g. Colis de 6 pièces. ;pièce;  4,64 EUR; 18,56 EUR / kg; 27,85 EUR / colis;7 jour(s)
Crèmerie Œufs Fromages;Pont l'éveque au lait cru aop. 25 % m.g.;SELECTION MQH POUR TG;221190;Frais;Par pièce de 400 g. Colis de 6 pièces. ;pièce;  7,61 EUR; 19,02 EUR / kg; 45,64 EUR / colis;7 jour(s)
Crèmerie Œufs Fromages;Livarot au lait cru aop. 22 % m.g.;SELECTION MQH POUR TG;221191;Frais;Par pièce de 500 g. Colis de 6 pièces. ;pièce; 10,91 EUR; 21,82 EUR / kg; 65,47 EUR / colis;7 jour(s)
Crèmerie Œufs Fromages;Rocamadour aop grand cru. 22 % m.g;SELECTION MQH POUR TG;221194;Frais;Portion de 35 g. Barquette de 12 portions. ;barquette; 14,47 EUR; 34,45 EUR / kg;  1,21 EUR / Portion;7 jour(s)
Crèmerie Œufs Fromages;Roquefort quart aop 32 % m.g.;SELECTION MQH POUR TG;221196;Frais;Par pièce de 700 g. Colis de 4 pièces. ;pièce; 18,33 EUR; 26,19 EUR / kg; 73,34 EUR / colis;7 jour(s)
Crèmerie Œufs Fromages;Sainte Maure de Touraine AOP. nu 22% m.g.. pièce de 250 g;SELECTION MQH POUR TG;221197;Frais;Portion de 250 g. Colis de 3 portions. ;colis; 17,96 EUR; 23,94 EUR / kg;  5,99 EUR / Portion;5 jour(s)
Crèmerie Œufs Fromages;Comté extra aop affiné 12 mois. 34.6 % m.g.;SELECTION MQH POUR TG;221201;Frais;Par pièce de 500 g. Colis de 10 pièces. ;pièce; 10,66 EUR; 21,32 EUR / kg;106,58 EUR / colis;7 jour(s)
Crèmerie Œufs Fromages;St nectaire fermier. aop au lait cru, 22.5% m.g.;SELECTION MQH POUR TG;221204;Frais;Par pièce de 1.65 kg. Colis de 3 pièces. ;pièce; 31,39 EUR; 19,03 EUR / kg; 94,17 EUR / colis;7 jour(s)
Crèmerie Œufs Fromages;Quart de brie de Meaux aop. 20 % m.g;SELECTION MQH POUR TG;221205;Frais;Par pièce de 750 g. Colis de 4 pièces. ;pièce; 13,00 EUR; 17,34 EUR / kg; 52,00 EUR / colis;7 jour(s)
Crèmerie Œufs Fromages;Selles sur cher aop fermier;SELECTION MQH POUR TG;221207;Frais;Pièce de 150 g. Colis de 6 pièces. ;colis; 24,92 EUR; 27,69 EUR / kg;  4,15 EUR / pièce;7 jour(s)
Boissons;Orangina slim;ORANGINA;221237;Ambiant;Portion de 330 ml. Colis de 24 portions. ;colis; 22,74 EUR;  2,87 EUR / L;  0,95 EUR / Portion;30 jour(s)
Équipement Hygiène;Sun tablette lave vaisselle. 188 tablettes;SUN;221482;Ambiant;Boite de 188 portions. ;boite; 42,84 EUR;;  0,23 EUR / Portion;
Poissons Coquillages Crustacés;Couteau;;222053;Frais;Par filet de 1 kg. ;filet;  9,49 EUR;  9,49 EUR / kg;;
Épicerie;Dattes deglet nour;DAURCES;222786;Frais;Par sac de 1 kg. Colis de 12 sacs. ;sac;  3,33 EUR;  3,33 EUR / kg; 39,95 EUR / colis;30 jour(s)
Poissons Coquillages Crustacés;Filet de colin d'Alaska;;223038;Surgele;Par colis de 5 kg. ;colis; 39,16 EUR;  7,83 EUR / kg;;30 jour(s)
Pains Viennoiserie Pâtes;Pain cerealier precuit LALOS. pièce de 450 g. colis de 16;BRIDOR;223231;Surgele;Portion de 450 g. Colis de 16 portions. ;colis; 24,21 EUR;  3,36 EUR / kg;  1,51 EUR / Portion;30 jour(s)
Poissons Coquillages Crustacés;Bar d'élevage;;223265;Frais;Portion de 666.667 g. Colis de 9 portions. ;colis; 93,13 EUR; 15,52 EUR / kg; 10,35 EUR / Portion;3 jour(s)
Poissons Coquillages Crustacés;Homard europe;;223284;Frais;Par pièce de 500 g. ;pièce; 18,51 EUR; 37,02 EUR / kg;;
Poissons Coquillages Crustacés;Homard europe;;223285;Frais;Par pièce de 700 g. ;pièce; 27,73 EUR; 39,62 EUR / kg;;
Poissons Coquillages Crustacés;Homard nord américain;;223286;Frais;Par pièce de 500 g. ;pièce; 17,53 EUR; 35,07 EUR / kg;;
Poissons Coquillages Crustacés;Homard nord américain;;223287;Frais;Par pièce de 700 g. ;pièce; 25,46 EUR; 36,37 EUR / kg;;
Équipement Hygiène;Mouchoir 2 plis. 20x20cm;;223443;Ambiant;Colis de 40 boites. Boite de 100 portions. ;colis; 30,44 EUR;;  0,76 EUR / boite;
Charcuterie Traiteur;Palet végétarien;BOUCHER VEGETARIEN;223775;Surgele;Portion de 80 g. Colis de 30 portions. ;colis; 33,65 EUR; 14,02 EUR / kg;  1,12 EUR / Portion;30 jour(s)
Viandes Volailles Gibier;Cuisse de lapin;;223979;Surgele;Par colis de 5 kg. ;colis; 34,78 EUR;  6,96 EUR / kg;;30 jour(s)
Fruits et Légumes;Radis noir. catégorie 1;STKFL;224486;Frais;Par pièce de 300 g. Colis de 10 pièces. ;pièce;  1,90 EUR;  6,32 EUR / kg; 18,95 EUR / colis;
Viandes Volailles Gibier;Magret de canard cru ue;;224755;Surgele;Par colis de 5 kg. ;colis; 96,28 EUR; 19,26 EUR / kg;;30 jour(s)
Desserts Glaces;Gourde pomme;ANDROS;224892;Ambiant;Portion de 90 g. Colis de 24 portions. ;colis;  8,47 EUR;  3,92 EUR / kg;  0,35 EUR / Portion;30 jour(s)
Poissons Coquillages Crustacés;Pavé saumon keta sans peau. sans aretes msc;TG QUALITY;224991;Surgele;Par colis de 5 kg. ;colis; 49,51 EUR;  9,90 EUR / kg;;30 jour(s)
Boissons;Perrier nature. boite slim de 33 cl;PERRIER;225404;Ambiant;Portion de 330 ml. Colis de 24 portions. ;colis; 20,46 EUR;  2,58 EUR / L;  0,85 EUR / Portion;30 jour(s)
Viandes Volailles Gibier;Steak haché black angus façon. bouchère 20% m.g.;NEWBIF;225512;Surgele;Portion de 150 g. Colis de 20 portions. ;colis; 41,90 EUR; 13,97 EUR / kg;  2,10 EUR / Portion;30 jour(s)
Charcuterie Traiteur;Gyoza poulet;AJINOMOTO;225766;Surgele;Sachet de 590 g. Colis de 10 sachets. ;colis; 65,57 EUR; 11,11 EUR / kg;  6,56 EUR / sachet;30 jour(s)
Charcuterie Traiteur;Gyoza végétarien;AJINOMOTO;225767;Surgele;Sachet de 590 g. Colis de 10 sachets. ;colis; 57,04 EUR;  9,67 EUR / kg;  5,70 EUR / sachet;30 jour(s)
Charcuterie Traiteur;Poulet curry et riz basmati;;225808;Surgele;Portion de 300 g. Colis de 6 portions. ;colis; 25,54 EUR; 14,19 EUR / kg;  4,26 EUR / portion;30 jour(s)
Charcuterie Traiteur;Porc au caramel riz;;225809;Surgele;Portion de 300 g. Colis de 6 portions. ;colis; 24,13 EUR; 13,41 EUR / kg;  4,02 EUR / portion;30 jour(s)
Accompagnements Assaisonnement;Haricots verts persillé;BONDUELLE FOOD SERVICE;226876;Surgele;Portion de 165 g. Colis de 20 portions. ;colis; 22,30 EUR;  6,76 EUR / kg;  1,11 EUR / Portion;30 jour(s)
Accompagnements Assaisonnement;Légumes plancha;BONDUELLE FOOD SERVICE;226888;Surgele;Portion de 180 g. Colis de 24 portions. ;colis; 26,17 EUR;  6,06 EUR / kg;  1,09 EUR / Portion;30 jour(s)
Accompagnements Assaisonnement;Penne cuit;SMILING COOK;226889;Surgele;Portion de 200 g. Colis de 25 portions. ;colis; 19,75 EUR;  3,95 EUR / kg;  0,79 EUR / Portion;30 jour(s)
Accompagnements Assaisonnement;Riz cuit;SMILING COOK;226890;Surgele;Portion de 200 g. Colis de 25 portions. ;colis; 16,48 EUR;  3,30 EUR / kg;  0,66 EUR / Portion;30 jour(s)
Desserts Glaces;Fondant caramel pécan;;226896;Surgele;Portion de 80 g. Colis de 24 portions. ;colis; 33,67 EUR; 17,54 EUR / kg;  1,40 EUR / Portion;30 jour(s)
Équipement Hygiène;Pastille Javel. boite de 150. boite de 500gr;PRODIFA;227033;Ambiant;Boite de 150 portions. ;boite;  5,17 EUR;;  0,03 EUR / Portion;30 jour(s)
Équipement Hygiène;Bobine 18x27 450 feuilles. 2 plis blanc sans manderin;TORK;227410;Ambiant;Colis de 6 bobines. ;colis; 21,42 EUR;;  3,57 EUR / bobine;
Desserts Glaces;Fondant praliné noisette;;227452;Surgele;Portion de 80 g. Colis de 24 portions. ;colis; 39,80 EUR; 20,73 EUR / kg;  1,66 EUR / Portion;30 jour(s)
Poissons Coquillages Crustacés;Cabillaud. vdk (vidé décapité);;227726;Frais;Par pièce de 5 kg. ;pièce;124,56 EUR; 24,91 EUR / kg;;
Poissons Coquillages Crustacés;Filet cabillaud avec peau;;227730;Frais;Par pièce de 1.429 kg. ;pièce; 37,12 EUR; 25,97 EUR / kg;;
Viandes Volailles Gibier;Demi rôti longe veau;;227966;Frais;Par poche de 2 kg. ;poche; 50,95 EUR; 25,48 EUR / kg;;7 jour(s)
Fruits et Légumes;Epinard jeune pousse;ROSEE DES CHAMPS;228318;Frais;Par sachet de 250 g. Colis de 8 sachets. ;sachet;  2,48 EUR;  9,92 EUR / kg; 19,83 EUR / colis;4 jour(s)
Viandes Volailles Gibier;Steak haché rond 20% m.g.. façon bouchère vbf;BEAUVALLET RESTAURATION;228406;Frais;Portion de 100 g. Colis de 16 portions. ;colis; 20,53 EUR; 12,83 EUR / kg;  1,28 EUR / Portion;4 jour(s)
Crèmerie Œufs Fromages;Oeufs brouillés plein air;SERVIS OEUF;228408;Frais;Poche de 1 kg. Colis de 4 poches. ;colis; 32,18 EUR;  8,04 EUR / kg;  8,04 EUR / poche;7 jour(s)
Viandes Volailles Gibier;Aile de poulet;LE GAULOIS PROF;228442;Frais;Poche de 2.5 kg. Colis de 2 poches. ;colis; 19,88 EUR;  3,98 EUR / kg;  9,94 EUR / poche;7 jour(s)
Poissons Coquillages Crustacés;Filet de perche du nil. décongelé;;228622;Frais;Par colis de 3 kg. ;colis; 41,54 EUR; 13,85 EUR / kg;;2 jour(s)
Fruits et Légumes;Lentilles vertes bio;LUNOR;228862;Ambiant;Par sachet de 2 kg. Colis de 5 sachets. ;sachet;  8,91 EUR;  4,46 EUR / kg; 44,57 EUR / colis;7 jour(s)
Boissons;Eau minérale evian;EVIAN;228929;Ambiant;Bouteille de 500 ml. Colis de 24 bouteilles. ;colis; 17,23 EUR;  1,44 EUR / L;  0,72 EUR / bouteille;30 jour(s)
Boissons;Eau minérale evian;EVIAN;228932;Ambiant;Bouteille de 330 ml. Colis de 24 bouteilles. ;colis; 16,68 EUR;  2,11 EUR / L;  0,70 EUR / bouteille;30 jour(s)
Crèmerie Œufs Fromages;Lait entier stérilisé uht;LAIT D'ICI;229525;Frais;Brick de 1 litre. Colis de 6 bricks. ;colis;  6,50 EUR;  1,08 EUR / L;  1,08 EUR / brick;7 jour(s)
Fruits et Légumes;Tomate cerise grappe. catégorie 1;STKFL;229964;Frais;Par colis de 3 kg. ;colis; 18,53 EUR;  6,18 EUR / kg;;
Épicerie;Pate à tartiner à la cacahuete;ANDROS;230693;Ambiant;Par pot de 325 g. Colis de 6 pots. ;pot;  2,79 EUR;  8,58 EUR / kg; 16,73 EUR / colis;30 jour(s)
Poissons Coquillages Crustacés;Filet d'eglefin. sans peau - avec arretes;;230777;Frais;Par colis de 3 kg. ;colis; 29,36 EUR;  9,79 EUR / kg;;
Pains Viennoiserie Pâtes;Petit pain long;;230834;Surgele;Portion de 60 g. Colis de 150 portions. ;colis; 20,08 EUR;  2,23 EUR / kg;  0,13 EUR / Portion;30 jour(s)
Accompagnements Assaisonnement;Mayonnaise;HEINZ;231810;Ambiant;Portion de 9.3 g. Boite de 200 portions. ;boite; 29,24 EUR; 15,72 EUR / kg;  0,15 EUR / Portion;30 jour(s)
Poissons Coquillages Crustacés;Turbot elévé en espagne;;231814;Frais;Par pièce de 1.5 kg. ;pièce; 38,76 EUR; 25,84 EUR / kg;;
Poissons Coquillages Crustacés;Turbot élevé;;231816;Frais;Par pièce de 3.5 kg. ;pièce;114,27 EUR; 32,65 EUR / kg;;
Fruits et Légumes;Myrtille. catégorie 1;STKFL;232065;Frais;Par barquette de 125 g. ;barquette;  3,06 EUR; 24,46 EUR / kg;;10 jour(s)
Desserts Glaces;Eclair fondant chocolat;SYMPHONIE PASQUIER;232070;Surgele;Portion de 80 g. Sachet de 10 portions. ;sachet;  6,79 EUR;  8,49 EUR / kg;  0,68 EUR / Portion;30 jour(s)
Desserts Glaces;Eclair fondant au café;SYMPHONIE PASQUIER;232074;Surgele;Sachet de 800 g. Colis de 6 sachets. Sachet de 10 portions. ;colis; 42,51 EUR;  8,86 EUR / kg;  7,09 EUR / sachet;30 jour(s)
Pains Viennoiserie Pâtes;Petit pain précuit sur sole. bio;BRIDOR;232136;Surgele;Portion de 50 g. Colis de 180 portions. ;colis; 36,14 EUR;  4,02 EUR / kg;  0,20 EUR / Portion;30 jour(s)
Poissons Coquillages Crustacés;Crevette cuite décortiquée. moyenne 200/300. colorée, en saumure;DELICEMER;232273;Frais;Par pot de 900 g. Colis de 6 pots. ;pot; 15,65 EUR; 17,39 EUR / kg; 93,90 EUR / colis;7 jour(s)
Charcuterie Traiteur;Jambon cuit choix 1/2 lune. découenné dégraissé. tranche de 40 g;JEAN FLOCH;232418;Frais;Portion de 40 g. Barquette de 25 portions. ;barquette;  7,76 EUR;  7,76 EUR / kg;  0,31 EUR / Portion;7 jour(s)
Charcuterie Traiteur;Blanc de dinde cuit. pièce de 40 gr. 10 tranches;JEAN FLOCH;232456;Frais;Portion de 40 g. Barquette de 10 portions. ;barquette;  4,44 EUR; 11,11 EUR / kg;  0,44 EUR / Portion;7 jour(s)
Épicerie;Oeuf saumon sauvage;COMPTOIR DU CAVIAR;232829;Frais;Par pot de 100 g. ;pot; 11,83 EUR;118,32 EUR / kg;;
Accompagnements Assaisonnement;Légumes pour couscous. cuisinés;D'AUCY;233737;Surgele;Par sachet de 2.5 kg. Colis de 4 sachets. ;sachet;  9,85 EUR;  3,94 EUR / kg; 39,41 EUR / colis;30 jour(s)
Équipement Hygiène;Godet en aluminium. contenance 135cc. 86x33mm;;233961;Ambiant;Sachet de 100 portions. ;sachet;  4,30 EUR;;  0,04 EUR / Portion;
Équipement Hygiène;Godet en aluminium. contenance 90 cc. 75x40mm;;233970;Ambiant;Sachet de 100 portions. ;sachet;  4,75 EUR;;  0,05 EUR / Portion;
Fruits et Légumes;Courgette  14/21. catégorie 1;STKFL;235662;Frais;Par filet de 1 kg. ;filet;  3,13 EUR;  3,13 EUR / kg;;
Poissons Coquillages Crustacés;Saint pierre petits bateaux;;235848;Frais;Par pièce de 857 g. ;pièce; 28,86 EUR; 33,67 EUR / kg;;
Poissons Coquillages Crustacés;Langoustine crue. calibre 10/15;;235856;Frais;Par pièce de 3 kg. ;pièce; 75,24 EUR; 25,08 EUR / kg;;
Poissons Coquillages Crustacés;Langoutine crue. calibre 16/20;;235857;Frais;Par pièce de 3 kg. ;pièce; 50,63 EUR; 16,88 EUR / kg;;
Poissons Coquillages Crustacés;Queue de Lotte pechée en mer;;235879;Frais;Par pièce de 2.5 kg. ;pièce; 65,54 EUR; 26,22 EUR / kg;;
Poissons Coquillages Crustacés;Filet maigre élevé;;235884;Frais;Par pièce de 700 g. ;pièce; 22,03 EUR; 31,47 EUR / kg;;3 jour(s)
Poissons Coquillages Crustacés;Maquereau;;235885;Frais;Par pièce de 3 kg. ;pièce; 29,65 EUR;  9,88 EUR / kg;;
Fruits et Légumes;Poireau. catégorie 1. France;STKFL;235968;Frais;Par pièce de 1 kg. ;pièce;  1,95 EUR;  1,95 EUR / kg;;
Poissons Coquillages Crustacés;Saint pierre. vidé;;235971;Frais;Par pièce de 2.5 kg. ;pièce;100,70 EUR; 40,28 EUR / kg;;
Équipement Hygiène;Serviette blanche. 2 plis. dimension 32 x 32 cm;TORK;236297;Ambiant;Sachet de 200 portions. ;sachet;  3,72 EUR;;  0,02 EUR / Portion;
Poissons Coquillages Crustacés;Préparation de longe de thon. albacore décongelée;;236560;Frais;Par pièce de 3.5 kg. ;pièce; 52,54 EUR; 15,01 EUR / kg;;3 jour(s)
Crèmerie Œufs Fromages;Roquefort aop templiers. 31% m.g.;TEMPLIERS;237631;Frais;Par pain de 1.35 kg. Colis de 2 pains. ;pain; 20,53 EUR; 15,21 EUR / kg; 41,06 EUR / colis;7 jour(s)
Épicerie;Canderel comprimé sucralose;CANDEREL;237730;Ambiant;Portion de 0.704 g. Colis de 250 portions. ;colis;  7,69 EUR; 43,69 EUR / kg;  0,03 EUR / Portion;30 jour(s)
Poissons Coquillages Crustacés;Moules d'Espagne;;237801;Frais;Par pièce de 3 kg. ;pièce; 15,08 EUR;  5,03 EUR / kg;;
Crèmerie Œufs Fromages;Yaourt brassé aux fruits mixés. Fruix;DANONE;237846;Frais;Portion de 125 g. Lot de 8 portions. ;lot;  3,17 EUR;  3,17 EUR / kg;  0,40 EUR / Portion;7 jour(s)
Crèmerie Œufs Fromages;Yaourt aromatisé vanille bio. pot de 125 g. lot de 4;MALO;237860;Frais;Portion de 125 g. Colis de 24 portions. ;colis; 14,96 EUR;  4,99 EUR / kg;  0,62 EUR / Portion;7 jour(s)
Épicerie;Nesquik;NESQUIK;237985;Ambiant;Portion de 13.5 g. Colis de 240 portions. ;colis; 78,63 EUR; 24,27 EUR / kg;  0,33 EUR / Portion;30 jour(s)
Accompagnements Assaisonnement;Vinaigre balsamique de. modène igp;BORGES;238106;Ambiant;Par bidon de 5 litre. Colis de 4 bidons. ;bidon; 26,63 EUR;  5,33 EUR / L;106,50 EUR / colis;30 jour(s)
Poissons Coquillages Crustacés;Tourteau cuit irlandais. pasteurisé sous-vide;;238125;Frais;Par pièce de 500 g. ;pièce;  8,44 EUR; 16,88 EUR / kg;;5 jour(s)
Pâtisserie Biscuiterie Confiserie;pain epice tranché;VONDELMOLEN;239316;Ambiant;Par paquet de 500 g. Colis de 12 paquets. ;paquet;  1,90 EUR;  3,79 EUR / kg; 22,75 EUR / colis;30 jour(s)
Viandes Volailles Gibier;Filet mignon de porc;;239630;Surgele;Par colis de 5 kg. ;colis; 51,60 EUR; 10,32 EUR / kg;;30 jour(s)
Boissons;Boisson au soja nature UHT;SOJASUN;239779;Frais;Brick de 1 litre. Colis de 8 bricks. ;colis; 18,15 EUR;  2,27 EUR / L;  2,27 EUR / brick;7 jour(s)
Pains Viennoiserie Pâtes;Croissant pret à cuire;BANQUET D'OR;239953;Surgele;Portion de 60 g. Colis de 100 portions. ;colis; 43,15 EUR;  7,19 EUR / kg;  0,43 EUR / Portion;30 jour(s)
Viandes Volailles Gibier;Rognon de veau sous graissex1;BEAUVALLET NEGOCE;239995;Frais;Par pièce de 1 kg. ;pièce;  5,97 EUR;  5,97 EUR / kg;;5 jour(s)
Charcuterie Traiteur;Blanc de poulet;MADRANGE;240572;Frais;Portion de 40 g. Sachet de 10 portions. ;sachet;  4,93 EUR; 12,33 EUR / kg;  0,49 EUR / Portion;5 jour(s)
Crèmerie Œufs Fromages;Yaourt fruits rouge light&free. allégé 0% mg;LIGHT & FREE;241928;Frais;Lot de 1 kg. Colis de 3 lots. Lot de 8 portions. ;colis; 15,98 EUR;  5,33 EUR / kg;  5,33 EUR / lot;7 jour(s)
Boissons;Boisson végétale Soja Alpro;ALPRO;241961;Frais;Brick de 1 litre. Colis de 8 bricks. ;colis; 14,74 EUR;  1,84 EUR / L;  1,84 EUR / brick;7 jour(s)
Boissons;Boisson végétale Alpro. noisette;ALPRO;241962;Frais;Bouteille de 1 litre. Colis de 8 bouteilles. ;colis; 26,09 EUR;  3,26 EUR / L;  3,26 EUR / bouteille;7 jour(s)
Boissons;Boisson végétale Alpro. d'amandes grillées;ALPRO;241963;Frais;Par brick de 1 litre. Colis de 8 bricks. ;brick;  2,91 EUR;  2,91 EUR / L; 23,30 EUR / colis;7 jour(s)
Crèmerie Œufs Fromages;Cantal jeune aop 28% m.g.;LA VIE DE CHATEAU;241966;Frais;Portion de 30 g. Barquette de 24 portions. ;barquette;  9,95 EUR; 13,81 EUR / kg;  0,41 EUR / Portion;7 jour(s)
Crèmerie Œufs Fromages;Tomme noire des Pyrénées igp. 28% m.g.;LA VIE DE CHATEAU;241995;Frais;Portion de 30 g. Barquette de 24 portions. ;barquette; 10,31 EUR; 14,31 EUR / kg;  0,43 EUR / Portion;7 jour(s)
Crèmerie Œufs Fromages;Tomme blanche 27% m.g.;LA VIE DE CHATEAU;241998;Frais;Portion de 30 g. Barquette de 24 portions. ;barquette;  8,61 EUR; 11,96 EUR / kg;  0,36 EUR / Portion;7 jour(s)
Crèmerie Œufs Fromages;Gouda 26% m.g.;LA VIE DE CHATEAU;242001;Frais;Portion de 30 g. Barquette de 24 portions. ;barquette;  9,70 EUR; 13,47 EUR / kg;  0,40 EUR / Portion;7 jour(s)
Crèmerie Œufs Fromages;Fromage blanc nature 3% m.g.;PAYSAN BRETON;242026;Frais;Par pot de 1 kg. Colis de 6 pots. ;pot;  3,10 EUR;  3,10 EUR / kg; 18,61 EUR / colis;7 jour(s)
Poissons Coquillages Crustacés;Saumon;;242287;Frais;Par pièce de 5.5 kg. ;pièce; 67,27 EUR; 12,23 EUR / kg;;
Poissons Coquillages Crustacés;Saumon;;242288;Frais;Par pièce de 6.5 kg. ;pièce; 84,29 EUR; 12,97 EUR / kg;;
Poissons Coquillages Crustacés;Filet de morue salée sans peau;;242299;Frais;Par pièce de 5 kg. ;pièce; 82,45 EUR; 16,49 EUR / kg;;7 jour(s)
Crèmerie Œufs Fromages;Cheddar râpé pour Welsh;WYKEFARMS;242526;Frais;Par pièce de 1 kg. Colis de 6 pièces. ;pièce; 10,51 EUR; 10,51 EUR / kg; 63,08 EUR / colis;7 jour(s)
Crèmerie Œufs Fromages;Oeuf frais vrac moyen. plein air;SERVIS OEUF;242684;Frais;Portion de 53 g. Colis de 180 portions. ;colis; 46,83 EUR;  4,91 EUR / kg;  0,26 EUR / Portion;7 jour(s)
Crèmerie Œufs Fromages;Oeuf plein air moyen;SERVIS OEUF;242686;Frais;Portion de 53 g. Colis de 90 portions. ;colis; 23,71 EUR;  4,97 EUR / kg;  0,26 EUR / Portion;7 jour(s)
Crèmerie Œufs Fromages;Yaourt sur lit de mûre;SAVEUR D'AUTREFOIS;242713;Frais;Pot de 140 g. Colis de 6 pots. ;colis;  8,61 EUR; 10,25 EUR / kg;  1,44 EUR / pot;7 jour(s)
Crèmerie Œufs Fromages;Yaourt sucré à la vanille. pot en verre de 140 g;SAVEUR D'AUTREFOIS;242714;Frais;Pot de 140 g. Colis de 6 pots. ;colis;  7,06 EUR;  8,41 EUR / kg;  1,18 EUR / pot;7 jour(s)
Crèmerie Œufs Fromages;Yaourt sur lit de fraise;SAVEUR D'AUTREFOIS;242717;Frais;Pot de 140 g. Colis de 6 pots. ;colis;  7,06 EUR;  8,41 EUR / kg;  1,18 EUR / pot;7 jour(s)
Crèmerie Œufs Fromages;Yaourt sucré au citron. pot en verre de 140 g;SAVEUR D'AUTREFOIS;242720;Frais;Pot de 140 g. Colis de 6 pots. ;colis;  7,94 EUR;  9,46 EUR / kg;  1,32 EUR / pot;7 jour(s)
Crèmerie Œufs Fromages;Fromage blanc 2.8% m.g.;ALSACE LAIT;242741;Frais;Plaque de 400 g. Colis de 6 plaques. Plaque de 4 portions. ;colis;  6,59 EUR;  2,75 EUR / kg;  1,10 EUR / plaque;7 jour(s)
Crèmerie Œufs Fromages;Fromage blanc nature 3% m.g.;JOCKEY DANONE;242758;Frais;Portion de 100 g. Plaque de 8 portions. ;plaque;  3,58 EUR;  4,48 EUR / kg;  0,45 EUR / Portion;7 jour(s)
Charcuterie Traiteur;Bloc de foie gras de canard. sans morceaux;PIERRE FOSSAT;242827;Frais;Par pièce de 400 g. Colis de 12 pièces. ;pièce; 18,50 EUR; 46,25 EUR / kg;222,00 EUR / colis;7 jour(s)
Viandes Volailles Gibier;Cuise de canard confite x4. sous vide;PIERRE FOSSAT;242835;Frais;Portion de 250 g. Poche de 4 portions. ;poche; 19,00 EUR; 19,00 EUR / kg;  4,75 EUR / Portion;7 jour(s)
Charcuterie Traiteur;Jambon serrano désossé STG. 9 mois de sèche;SANCHEZ ALCARAZ;242841;Frais;Par pièce de 5 kg. Colis de 2 pièces. ;pièce; 63,66 EUR; 12,73 EUR / kg;127,32 EUR / colis;7 jour(s)
Charcuterie Traiteur;Chorizo cular fort;SANCHEZ ALCARAZ;242842;Frais;Par pièce de 1.8 kg. Colis de 4 pièces. ;pièce; 17,85 EUR;  9,91 EUR / kg; 71,38 EUR / colis;7 jour(s)
Charcuterie Traiteur;Jambon serrano 32 tranches. avec intercalaires;SANCHEZ ALCARAZ;242846;Frais;Par barquette de 500 g. Colis de 10 barquettes. ;barquette;  7,83 EUR; 15,66 EUR / kg; 78,30 EUR / colis;7 jour(s)
Charcuterie Traiteur;Saumon fumé atlantique. prétranché/décongelé;MOWI PROFESSIONAL;242848;Frais;Par plaque de 750 g. Colis de 10 plaques. ;plaque; 19,72 EUR; 26,30 EUR / kg;197,21 EUR / colis;7 jour(s)
Charcuterie Traiteur;Véritable andouillette de. troyes 5a;GILBERT LEMELLE;242963;Frais;Portion de 190 g. Sachet de 4 portions. ;sachet; 14,40 EUR; 18,95 EUR / kg;  3,60 EUR / Portion;7 jour(s)
Boissons;Citronnade;ANDROS;243515;Frais;Bouteille de 338 ml. Colis de 6 bouteilles. ;colis;  8,41 EUR;  4,15 EUR / L;  1,40 EUR / bouteille;7 jour(s)
Boissons;Jus orange préssée;ANDROS;243639;Frais;Par bag in box de 10 litre. ;bag in box; 37,77 EUR;  3,78 EUR / L;;7 jour(s)
Charcuterie Traiteur;Jambon cuit standard. découenné dégraissé. 20 tranches;;243696;Frais;Barquette de 800 g. Colis de 8 barquettes. Barquette de 20 portions. ;colis; 43,53 EUR;  6,80 EUR / kg;  5,44 EUR / barquette;7 jour(s)
Charcuterie Traiteur;Jambon sec pays. 5 mois;;244093;Frais;Par pièce de 5.7 kg. Colis de 2 pièces. ;pièce; 65,13 EUR; 11,43 EUR / kg;130,27 EUR / colis;7 jour(s)
Charcuterie Traiteur;Saucisse petit déjeuner. précuite. pièce de 25 g;CHARLES KELLER;244190;Frais;Portion de 25 g. Paquet de 40 portions. ;paquet;  9,23 EUR;  9,23 EUR / kg;  0,23 EUR / Portion;7 jour(s)
Charcuterie Traiteur;Escalope de foie gras de. canard France. pièce de 40/60 g;PIERRE FOSSAT;244342;Surgele;Par poche de 1 kg. Colis de 5 poches. ;poche; 53,82 EUR; 53,82 EUR / kg;269,10 EUR / colis;30 jour(s)
Viandes Volailles Gibier;Bavette aloyau boeuf;;244410;Surgele;Portion de 175 g. Colis de 30 portions. ;colis;101,69 EUR; 19,37 EUR / kg;  3,39 EUR / Portion;30 jour(s)
Accompagnements Assaisonnement;Champignons de Paris émincés. gourmands;BONDUELLE FOOD SERVICE;244630;Surgele;Par sachet de 2.5 kg. Colis de 4 sachets. ;sachet;  9,45 EUR;  3,78 EUR / kg; 37,80 EUR / colis;30 jour(s)
Charcuterie Traiteur;Tortelloni ricotta spinaci;HILCONA;244669;Surgele;Sachet de 2 kg. Colis de 2 sachets. ;colis; 29,04 EUR;  7,26 EUR / kg; 14,52 EUR / sachet;30 jour(s)
Viandes Volailles Gibier;Filet de poulet cru iqf;;244877;Surgele;Portion de 142.857 g. Colis de 35 portions. ;colis; 39,75 EUR;  7,95 EUR / kg;  1,14 EUR / Portion;30 jour(s)
Poissons Coquillages Crustacés;Encornet tube;;244983;Surgele;Par sachet de 1 kg. Colis de 6 sachets. ;sachet;  9,47 EUR;  9,47 EUR / kg; 56,81 EUR / colis;30 jour(s)
Charcuterie Traiteur;Bacon crispy tranche;EUROPA CUISSON;245099;Surgele;Par sachet de 500 g. Colis de 6 sachets. ;sachet;  8,75 EUR; 17,50 EUR / kg; 52,51 EUR / colis;30 jour(s)
Viandes Volailles Gibier;èmincé de filet poulet halal. cuit et roti tranché 9.5mm. iqf;VOLATYS;245202;Surgele;Sachet de 1 kg. Colis de 5 sachets. ;colis; 52,06 EUR; 10,41 EUR / kg; 10,41 EUR / sachet;30 jour(s)
Viandes Volailles Gibier;èmincé de filet poulet halal. cuit et roti tranché 5mm. iqf;GASTRONOME;245397;Surgele;Sachet de 1 kg. Colis de 4 sachets. ;colis; 41,53 EUR; 10,38 EUR / kg; 10,38 EUR / sachet;30 jour(s)
Épicerie;Café grains grand arôme. 100 % arabica;;247254;Ambiant;Par paquet de 1 kg. Colis de 6 paquets. ;paquet; 18,57 EUR; 18,57 EUR / kg;111,41 EUR / colis;30 jour(s)
Épicerie;Cranberries entières séchées;OLYMPFRUITS;247493;Ambiant;Par sachet de 1 kg. Colis de 10 sachets. ;sachet;  8,91 EUR;  8,91 EUR / kg; 89,10 EUR / colis;30 jour(s)
Pains Viennoiserie Pâtes;Demi-baguette précuite 28 cm;NEUHAUSER;247674;Surgele;Portion de 140 g. Colis de 70 portions. ;colis; 26,30 EUR;  2,68 EUR / kg;  0,38 EUR / Portion;30 jour(s)
Épicerie;Confiture de myrtilles. sauvages;BONNE MAMAN;247684;Ambiant;Par bocal de 370 g. Colis de 6 bocaux. ;bocal;  3,77 EUR; 10,20 EUR / kg; 22,63 EUR / colis;30 jour(s)
Desserts Glaces;Paris brest;GILLES PATISSIER;247941;Surgele;Portion de 80 g. Colis de 24 portions. ;colis; 17,57 EUR;  9,15 EUR / kg;  0,73 EUR / Portion;30 jour(s)
Pains Viennoiserie Pâtes;Baguette de caractère. précuite sur sole;BRIDOR;248568;Surgele;Portion de 280 g. Colis de 22 portions. ;colis; 19,25 EUR;  3,13 EUR / kg;  0,88 EUR / Portion;30 jour(s)
Pâtisserie Biscuiterie Confiserie;Mini madeleine pur beurre;;248605;Surgele;Portion de 18 g. Colis de 140 portions. ;colis; 37,69 EUR; 14,96 EUR / kg;  0,27 EUR / Portion;30 jour(s)
Pains Viennoiserie Pâtes;Graines de courge décortiquées;OLYMPFRUITS;248622;Ambiant;Par sachet de 1 kg. Colis de 10 sachets. ;sachet;  8,43 EUR;  8,43 EUR / kg; 84,28 EUR / colis;30 jour(s)
Pains Viennoiserie Pâtes;Pain losange nature;;248700;Surgele;Portion de 57 g. Colis de 120 portions. ;colis; 14,43 EUR;  2,11 EUR / kg;  0,12 EUR / Portion;30 jour(s)
Crèmerie Œufs Fromages;Beurre aop doux la conviette. pièce de 15g;LA VIETTE;249370;Frais;Portion de 15 g. Plateau de 30 portions. ;plateau;  7,82 EUR; 17,38 EUR / kg;  0,26 EUR / Portion;7 jour(s)
Crèmerie Œufs Fromages;Beurre demi sel la conviette. aop;LA VIETTE;249371;Frais;Portion de 15 g. Plateau de 30 portions. ;plateau;  7,82 EUR; 17,38 EUR / kg;  0,26 EUR / Portion;7 jour(s)
Desserts Glaces;Dessert fruitier à la pomme. et à la fraise;ANDROS;249386;Frais;Portion de 100 g. Colis de 24 portions. ;colis;  7,91 EUR;  3,30 EUR / kg;  0,33 EUR / Portion;5 jour(s)
Boissons;Jus d'orange â la carotte et. au citron source de vitamines. a, c et e;ANDROS;249391;Frais;Bouteille de 259 ml. Colis de 6 bouteilles. ;colis;  8,54 EUR;  5,49 EUR / L;  1,42 EUR / bouteille;7 jour(s)
Crèmerie Œufs Fromages;Yaourt fruits brassé poire bio;LES 2 VACHES;249405;Frais;Plaque de 460 g. Colis de 4 plaques. Plaque de 4 portions. ;colis; 12,35 EUR;  6,71 EUR / kg;  3,09 EUR / plaque;7 jour(s)
Crèmerie Œufs Fromages;Crème liquide supérieure. gastronomique uht 35% m.g.;PRESIDENT PRO;249427;Frais;Brick de 1 litre. Colis de 6 bricks. ;colis; 37,83 EUR;  6,31 EUR / L;  6,31 EUR / brick;7 jour(s)
Crèmerie Œufs Fromages;Yaourt fruits myrtille bio. les 2 vaches;LES 2 VACHES;249434;Frais;Plaque de 460 g. Colis de 4 plaques. Plaque de 4 portions. ;colis; 10,97 EUR;  5,96 EUR / kg;  2,74 EUR / plaque;7 jour(s)
Crèmerie Œufs Fromages;Yaourt fruits framboise bio. les 2 vaches;LES 2 VACHES;249435;Frais;Plaque de 460 g. Colis de 4 plaques. Plaque de 4 portions. ;colis; 10,97 EUR;  5,96 EUR / kg;  2,74 EUR / plaque;7 jour(s)
Crèmerie Œufs Fromages;Yaourt brassé citron bio;LES 2 VACHES;249437;Frais;Plaque de 460 g. Colis de 4 plaques. Plaque de 4 portions. ;colis; 12,35 EUR;  6,71 EUR / kg;  3,09 EUR / plaque;7 jour(s)
Crèmerie Œufs Fromages;Yaourt à boire fruits danonino;DANONINO;249439;Frais;Lot de 600 g. Colis de 4 lots. Lot de 6 portions. ;colis; 15,66 EUR;  6,52 EUR / kg;  3,91 EUR / lot;7 jour(s)
Crèmerie Œufs Fromages;Fromage blanc nature 3.6% m.g.. bio;NOVA;249516;Frais;Lot de 400 g. Colis de 12 lots. Lot de 4 portions. ;colis; 22,54 EUR;  4,70 EUR / kg;  1,88 EUR / lot;5 jour(s)
Crèmerie Œufs Fromages;Yaourt nature velouté brassé. danone;DANONE;249558;Frais;Plaque de 500 g. Colis de 6 plaques. Plaque de 4 portions. ;colis; 11,02 EUR;  3,67 EUR / kg;  1,84 EUR / plaque;7 jour(s)
Crèmerie Œufs Fromages;Lait demi écrémé bleu blanc. coeur;EN DIRECT ELEVEURS;249566;Frais;Poche de 1 litre. Colis de 6 poches. ;colis;  8,00 EUR;  1,33 EUR / L;  1,33 EUR / poche;7 jour(s)
Crèmerie Œufs Fromages;Tomme blanche 27% m.g.;MONTSALVY;249578;Frais;Par pièce de 2 kg. Colis de 2 pièces. ;pièce; 17,97 EUR;  8,98 EUR / kg; 35,94 EUR / colis;7 jour(s)
Crèmerie Œufs Fromages;Yaourt à boire nature actimel;ACTIMEL;249602;Frais;Lot de 1.2 kg. Colis de 2 lots. Lot de 12 portions. ;colis; 16,48 EUR;  6,87 EUR / kg;  8,24 EUR / lot;7 jour(s)
Crèmerie Œufs Fromages;Yaourt aux fruits activia. panaché bifidus;ACTIVIA;249603;Frais;Lot de 1 kg. Colis de 3 lots. Lot de 8 portions. ;colis; 20,24 EUR;  6,75 EUR / kg;  6,75 EUR / lot;7 jour(s)
Crèmerie Œufs Fromages;Yaourt nature activia 0% m.g.. bifidus;ACTIVIA;249604;Frais;Lot de 1 kg. Colis de 3 lots. Lot de 8 portions. ;colis; 14,87 EUR;  4,96 EUR / kg;  4,96 EUR / lot;7 jour(s)
Crèmerie Œufs Fromages;Yaourt nature bifidus activia;ACTIVIA;249605;Frais;Plaque de 500 g. Colis de 6 plaques. Plaque de 4 portions. ;colis; 13,29 EUR;  4,43 EUR / kg;  2,22 EUR / plaque;7 jour(s)
Crèmerie Œufs Fromages;Yaourt aromatisé au citron au. bifidus activia;ACTIVIA;249606;Frais;Plaque de 500 g. Colis de 6 plaques. Plaque de 4 portions. ;colis; 16,49 EUR;  5,50 EUR / kg;  2,75 EUR / plaque;7 jour(s)
Crèmerie Œufs Fromages;Yaourt aromatisé au coco au. bifidus activia;ACTIVIA;249607;Frais;Plaque de 500 g. Colis de 6 plaques. Plaque de 4 portions. ;colis; 16,49 EUR;  5,50 EUR / kg;  2,75 EUR / plaque;7 jour(s)
Crèmerie Œufs Fromages;Yaourt nature bio les 2 vaches;LES 2 VACHES;249620;Frais;Plaque de 460 g. Colis de 4 plaques. Plaque de 4 portions. ;colis;  8,10 EUR;  4,40 EUR / kg;  2,03 EUR / plaque;7 jour(s)
Crèmerie Œufs Fromages;Yaourt brassé vanille bio. les 2 vaches;LES 2 VACHES;249622;Frais;Plaque de 460 g. Colis de 4 plaques. Plaque de 4 portions. ;colis;  8,98 EUR;  4,88 EUR / kg;  2,24 EUR / plaque;5 jour(s)
Crèmerie Œufs Fromages;Mimolette tranchette;CENTURION;249651;Frais;Par barquette de 500 g. Colis de 12 barquettes. ;barquette;  6,78 EUR; 13,55 EUR / kg; 81,31 EUR / colis;7 jour(s)
Charcuterie Traiteur;Jambon sec supérieur VPF;AOSTE PRO;249821;Frais;Portion de 16 g. Barquette de 20 portions. ;barquette;  8,48 EUR; 26,51 EUR / kg;  0,42 EUR / Portion;7 jour(s)
Desserts Glaces;Compotée de pomme à la vanille. naturelle;BONNE MAMAN;249840;Frais;Lot de 260 g. Colis de 6 lots. Lot de 2 portions. ;colis; 14,52 EUR;  9,31 EUR / kg;  2,42 EUR / lot;5 jour(s)
Desserts Glaces;Compotée de pommes à la peche. et abricot délicate verveine;BONNE MAMAN;249849;Frais;Lot de 260 g. Colis de 6 lots. Lot de 2 portions. ;colis; 16,70 EUR; 10,70 EUR / kg;  2,78 EUR / lot;5 jour(s)
Desserts Glaces;Compotée de pommes à la fraise. et framboises subtile fleur de. sureau;BONNE MAMAN;249850;Frais;Lot de 260 g. Colis de 6 lots. Lot de 2 portions. ;colis; 17,92 EUR; 11,49 EUR / kg;  2,99 EUR / lot;5 jour(s)
Boissons;Cristaline gazeuse;CRISTALINE;251140;Ambiant;Portion de 500 ml. Colis de 24 portions. ;colis;  5,98 EUR;  0,50 EUR / L;  0,25 EUR / Portion;30 jour(s)
Épicerie;Thé vert menthe 100 sachets. fraicheur;LIPTON;251713;Ambiant;Portion de 1.6 g. Boite de 100 portions. ;boite;  9,56 EUR; 59,76 EUR / kg;  0,10 EUR / Portion;30 jour(s)
Charcuterie Traiteur;Mini tartelette salee ronde. tomate basilic, diametre 4.2cm;HUG;251957;Ambiant;Portion de 6.3 g. Colis de 160 portions. ;colis; 41,58 EUR; 41,25 EUR / kg;  0,26 EUR / Portion;30 jour(s)
Charcuterie Traiteur;Mini tartellette salée ronde. olive et romarin;HUG;251958;Ambiant;Portion de 6.4 g. Colis de 160 portions. ;colis; 42,62 EUR; 41,62 EUR / kg;  0,27 EUR / Portion;30 jour(s)
Pains Viennoiserie Pâtes;Brioche tranchée pur beurre;HARRYS FOOD SERVICE;251966;Ambiant;Par paquet de 500 g. Colis de 7 paquets. ;paquet;  3,82 EUR;  7,63 EUR / kg; 26,71 EUR / colis;7 jour(s)
Pâtisserie Biscuiterie Confiserie;Madeleine sans gluten;GERBLE;252283;Ambiant;Portion de 30 g. Colis de 30 portions. ;colis; 15,23 EUR; 16,92 EUR / kg;  0,51 EUR / Portion;30 jour(s)
Desserts Glaces;Compote de pomme bio. allégées en sucres;CHARLES & ALICE;252330;Ambiant;Portion de 100 g. Colis de 120 portions. ;colis; 39,16 EUR;  3,26 EUR / kg;  0,33 EUR / Portion;30 jour(s)
Épicerie;Confiture intense orange amère;BONNE MAMAN;252343;Ambiant;Pot de 335 g. Colis de 6 pots. ;colis; 13,44 EUR;  6,69 EUR / kg;  2,24 EUR / pot;30 jour(s)
Épicerie;Confiture intense à l'abricot;BONNE MAMAN;252344;Ambiant;Par pot de 335 g. Colis de 6 pots. ;pot;  2,73 EUR;  8,15 EUR / kg; 16,37 EUR / colis;30 jour(s)
Épicerie;Confiture intense fraise;BONNE MAMAN;252345;Ambiant;Par pot de 335 g. Colis de 6 pots. ;pot;  2,72 EUR;  8,12 EUR / kg; 16,33 EUR / colis;30 jour(s)
Pâtisserie Biscuiterie Confiserie;Quatre-quarts professionel;KER CADELAC;252465;Ambiant;Par pièce de 800 g. Colis de 8 pièces. ;pièce;  6,85 EUR;  8,57 EUR / kg; 54,82 EUR / colis;7 jour(s)
Épicerie;Thé noir earl grey excellence. bio;BARONNY'S;252682;Ambiant;Portion de 2 g. Boite de 25 portions. ;boite;  5,36 EUR;107,16 EUR / kg;  0,21 EUR / Portion;30 jour(s)
Épicerie;Thé vert sencha excellence bio;BARONNY'S;252683;Ambiant;Portion de 2 g. Boite de 25 portions. ;boite;  5,29 EUR;105,74 EUR / kg;  0,21 EUR / Portion;30 jour(s)
Épicerie;Biscuit speculoos biscoff. original;LOTUS BISCOFF;253008;Ambiant;Portion de 6.25 g. Colis de 400 portions. ;colis; 22,66 EUR;  9,07 EUR / kg;  0,06 EUR / Portion;30 jour(s)
Boissons;Eau gazeuse Badoit verte. finement pétillante. pet;BADOIT;254078;Ambiant;Bouteille de 1 litre. Colis de 6 bouteilles. ;colis;  8,87 EUR;  1,48 EUR / L;  1,48 EUR / bouteille;30 jour(s)
Boissons;San pellegrino;SAN PELLEGRINO;254638;Ambiant;Portion de 330 ml. Colis de 24 portions. ;colis; 22,24 EUR;  2,81 EUR / L;  0,93 EUR / Portion;30 jour(s)
Boissons;Perrier;PERRIER;254639;Ambiant;Portion de 500 ml. Colis de 24 portions. ;colis; 23,99 EUR;  2,00 EUR / L;  1,00 EUR / Portion;30 jour(s)
Épicerie;Nutella;NUTELLA;254897;Ambiant;Pot de 25 g. Colis de 64 pots. ;colis; 42,75 EUR; 26,72 EUR / kg;  0,67 EUR / pot;30 jour(s)
Pâtisserie Biscuiterie Confiserie;Kit kat;KIT KAT;254911;Ambiant;Portion de 41.5 g. Colis de 36 portions. ;colis; 31,82 EUR; 21,30 EUR / kg;  0,88 EUR / Portion;30 jour(s)
Desserts Glaces;Compote pomme/abricot bio. allégée en sucres. fruits 100% France;CHARLES & ALICE;255123;Ambiant;Portion de 100 g. Colis de 120 portions. ;colis; 42,53 EUR;  3,54 EUR / kg;  0,35 EUR / Portion;30 jour(s)
Pains Viennoiserie Pâtes;Pain pour bruschetta;HARRYS FOOD SERVICE;255307;Ambiant;Portion de 100 g. Paquet de 4 portions. ;paquet;  3,59 EUR;  8,98 EUR / kg;  0,90 EUR / Portion;7 jour(s)
Crèmerie Œufs Fromages;Oeufs brouilles natures;OVOTEAM;255588;Frais;Par barquette de 500 g. Colis de 8 barquettes. ;barquette;  4,53 EUR;  9,05 EUR / kg; 36,21 EUR / colis;7 jour(s)
Desserts Glaces;Assortiment compote 4 parfums. allégées en sucres;ST MAMET;255627;Ambiant;Portion de 100 g. Colis de 120 portions. ;colis; 36,47 EUR;  3,04 EUR / kg;  0,30 EUR / Portion;30 jour(s)
Accompagnements Assaisonnement;Huile excellence;BORGES;255692;Ambiant;Par bidon de 7.5 litre. Colis de 2 bidons. ;bidon; 22,61 EUR;  3,02 EUR / L; 45,23 EUR / colis;30 jour(s)
Boissons;Lipton Ice Tea peche;LIPTON;255711;Ambiant;Bouteille de 500 ml. Colis de 12 bouteilles. ;colis; 16,38 EUR;  2,73 EUR / L;  1,37 EUR / bouteille;30 jour(s)
Pâtisserie Biscuiterie Confiserie;Kinder bueno;KINDER;255721;Ambiant;Pack de 43 g. Colis de 30 packs. ;colis; 33,63 EUR; 26,07 EUR / kg;  1,12 EUR / pack;30 jour(s)
Boissons;Schweppes indian tonic;SCHWEPPES;255798;Ambiant;Boite de 330 ml. Colis de 24 boites. ;colis; 23,38 EUR;  2,95 EUR / L;  0,97 EUR / boite;30 jour(s)
Pâtisserie Biscuiterie Confiserie;Toblerone barre chocolat. au lait;TOBLERONE;255999;Ambiant;Portion de 50 g. Boite de 24 portions. ;boite; 72,11 EUR; 60,09 EUR / kg;  3,00 EUR / Portion;30 jour(s)
Desserts Glaces;Dessert fruitier pomme nature. pot de 100 g;ANDROS;257269;Frais;Portion de 100 g. Colis de 24 portions. ;colis;  6,03 EUR;  2,51 EUR / kg;  0,25 EUR / Portion;5 jour(s)
Crèmerie Œufs Fromages;Yaourt nature au lait entier. bio. pot de 100 g;NOVA;257343;Frais;Lot de 400 g. Colis de 6 lots. Lot de 4 portions. ;colis;  6,29 EUR;  2,62 EUR / kg;  1,05 EUR / lot;5 jour(s)
Crèmerie Œufs Fromages;Panier de Yoplait panaché;PANIER DE YOPLAIT;257344;Frais;Lot de 500 g. Colis de 12 lots. Lot de 4 portions. ;colis; 14,36 EUR;  2,39 EUR / kg;  1,20 EUR / lot;7 jour(s)
Crèmerie Œufs Fromages;Yaourt au sucre de canne bio. Pot de 100 g;NOVA;257345;Frais;Lot de 400 g. Colis de 6 lots. Lot de 4 portions. ;colis;  7,16 EUR;  2,98 EUR / kg;  1,19 EUR / lot;5 jour(s)
Crèmerie Œufs Fromages;Yaourt vanille au lait entier. bio. pot de 100 g;NOVA;257346;Frais;Lot de 400 g. Colis de 6 lots. Lot de 4 portions. ;colis;  8,57 EUR;  3,57 EUR / kg;  1,43 EUR / lot;5 jour(s)
Crèmerie Œufs Fromages;Yaourt aux fruits mixés bio. Pot de 100 g;NOVA;257348;Frais;Lot de 400 g. Colis de 6 lots. Lot de 4 portions. ;colis; 10,05 EUR;  4,19 EUR / kg;  1,68 EUR / lot;5 jour(s)
Crèmerie Œufs Fromages;Yaourt à boire à la fraise. Bouteille de 100 g;NOVA;257353;Frais;Lot de 400 g. Colis de 6 lots. Lot de 4 portions. ;colis;  8,78 EUR;  3,66 EUR / kg;  1,46 EUR / lot;5 jour(s)
Viandes Volailles Gibier;Jarret de veau arrière avec os;BEAUVALLET RESTAURATION;257561;Frais;Par poche de 2 kg. ;poche; 25,67 EUR; 12,84 EUR / kg;;7 jour(s)
Viandes Volailles Gibier;Paleron de boeuf semi paré. race limousine;BEAUVALLET RESTAURATION;257602;Frais;Par poche de 2.5 kg. ;poche; 34,03 EUR; 13,61 EUR / kg;;7 jour(s)
Épicerie;Pringles original;PRINGLES;258260;Ambiant;Paquet de 40 g. Colis de 12 paquets. ;colis; 14,72 EUR; 30,68 EUR / kg;  1,23 EUR / paquet;30 jour(s)
Boissons;Jus d'orange avec sa pulpe;TROPICANA;261987;Ambiant;Bouteille de 250 ml. Colis de 12 bouteilles. ;colis; 18,72 EUR;  6,24 EUR / L;  1,56 EUR / bouteille;30 jour(s)
Équipement Hygiène;Essuie mains doux 2p. compressées 24x21.2;TORK;263759;Ambiant;Colis de 12 paquets. ;colis; 48,78 EUR;;  4,07 EUR / paquet;
Accompagnements Assaisonnement;Huile d'arachide;MAUREL;265975;Ambiant;Par bouteille de 1 litre. Colis de 15 bouteilles. ;bouteille;  3,39 EUR;  3,39 EUR / L; 50,89 EUR / colis;30 jour(s)
Charcuterie Traiteur;Chair de crabe;;267950;Frais;Par pot de 454 g. Colis de 6 pots. ;pot; 13,51 EUR; 29,76 EUR / kg; 81,08 EUR / colis;10 jour(s)
Pains Viennoiserie Pâtes;Pavé multicéréales précuits;BRIDOR;272625;Surgele;Portion de 450 g. Colis de 30 portions. ;colis; 52,96 EUR;  3,92 EUR / kg;  1,77 EUR / Portion;30 jour(s)
Pains Viennoiserie Pâtes;Pavé de campagne précuit;BRIDOR;272658;Surgele;Portion de 70 g. Colis de 100 portions. ;colis; 18,63 EUR;  2,66 EUR / kg;  0,19 EUR / Portion;30 jour(s)
Pains Viennoiserie Pâtes;Pavé rustique précuit;BRIDOR;272708;Surgele;Portion de 450 g. Colis de 25 portions. ;colis; 37,18 EUR;  3,31 EUR / kg;  1,49 EUR / Portion;30 jour(s)
Fruits et Légumes;Tomate équeutée 47/57. catégorie 1;STKFL;273331;Frais;Par colis de 6 kg. ;colis; 14,63 EUR;  2,44 EUR / kg;;
Fruits et Légumes;Gingembre. catégorie 1;STKFL;273338;Frais;Par barquette de 250 g. ;barquette;  2,03 EUR;  8,12 EUR / kg;;
Charcuterie Traiteur;Tartare de saumon x 10;LA DIEPPOISE;275511;Surgele;Portion de 70 g. Colis de 50 portions. ;colis; 69,25 EUR; 19,79 EUR / kg;  1,38 EUR / Portion;30 jour(s)
Équipement Hygiène;Sacs à déchets de 10 L blanc. haute densité - 12 microns. rouleau de 50;;275705;Ambiant;Colis de 1000 portions. ;colis; 15,88 EUR;;  0,02 EUR / Portion;
Fruits et Légumes;Framboise. catégorie 1;STKFL;276466;Frais;Par barquette de 125 g. ;barquette;  3,34 EUR; 26,68 EUR / kg;;4 jour(s)
Fruits et Légumes;Groseille. catégorie 1;STKFL;276467;Frais;Par barquette de 125 g. ;barquette;  3,06 EUR; 24,46 EUR / kg;;4 jour(s)
Fruits et Légumes;Chou brocoli. catégorie 1;STKFL;276484;Frais;Par pièce de 500 g. ;pièce;  2,12 EUR;  4,24 EUR / kg;;
Poissons Coquillages Crustacés;Filet de thon pour. sashimi décongelé;;276490;Frais;Par barquette de 3 kg. ;barquette; 79,21 EUR; 26,40 EUR / kg;;5 jour(s)
Accompagnements Assaisonnement;Crème de coco UHT liquide;THAI KITCHEN;277513;Ambiant;Par brick de 1 litre. Colis de 12 bricks. ;brick;  6,14 EUR;  6,14 EUR / L; 73,66 EUR / colis;30 jour(s)
Fruits et Légumes;Pomme de terre. agria lavee +60. categorie 1;STKFL;278412;Frais;Par filet de 10 kg. ;filet;  6,80 EUR;  0,68 EUR / kg;;
Pâtisserie Biscuiterie Confiserie;Mon cake nature;KER CADELAC;286294;Ambiant;Par pièce de 800 g. Colis de 8 pièces. ;pièce;  3,74 EUR;  4,67 EUR / kg; 29,88 EUR / colis;7 jour(s)
Fruits et Légumes;Pomme de terre. agata four lavee 40/60. categorie 1;STKFL;286446;Frais;Par filet de 2.5 kg. ;filet;  2,73 EUR;  1,09 EUR / kg;;
Accompagnements Assaisonnement;Fonds de Volaille Déshydraté. 750g jusqu'à 30L;KNORR;288472;Ambiant;Par boite de 750 g. Colis de 6 boites. ;boite; 16,31 EUR; 21,74 EUR / kg; 97,84 EUR / colis;30 jour(s)
Épicerie;Extra fruits muesli pépites. de céréales croustillantes. avec des noix;KELLOGG'S;289358;Ambiant;Par paquet de 1.5 kg. Colis de 4 paquets. ;paquet; 24,10 EUR; 16,07 EUR / kg; 96,41 EUR / colis;30 jour(s)
Épicerie;Cocktails de fruits Acapulco. peche, raisin rouge, melon. , ananas, kiwi, mangue;LEGAVE;292409;Surgele;Sachet de 1 kg. Colis de 5 sachets. ;colis; 20,00 EUR;  4,00 EUR / kg;  4,00 EUR / sachet;60 jour(s)
Épicerie;Amandes entières décortiquées. 23/25;OLYMPFRUITS;294454;Ambiant;Par sachet de 1 kg. Colis de 5 sachets. ;sachet; 11,07 EUR; 11,07 EUR / kg; 55,34 EUR / colis;30 jour(s)
Épicerie;Canderel en poudre;CANDEREL;295014;Ambiant;Portion de 0.5 g. Colis de 250 portions. ;colis;  8,40 EUR; 67,20 EUR / kg;  0,03 EUR / Portion;30 jour(s)
Épicerie;Marmelade orange amère;BONNE MAMAN;296055;Ambiant;Bocal de 750 g. Colis de 6 bocaux. ;colis; 26,28 EUR;  5,84 EUR / kg;  4,38 EUR / bocal;30 jour(s)
Pains Viennoiserie Pâtes;Pain losange céréales et. graines;;297674;Surgele;Portion de 57.833 g. Colis de 120 portions. ;colis; 18,55 EUR;  2,67 EUR / kg;  0,15 EUR / Portion;30 jour(s)
Épicerie;Noisettes entières décortiquée. s;OLYMPFRUITS;297692;Ambiant;Par sachet de 1 kg. Colis de 10 sachets. ;sachet; 12,96 EUR; 12,96 EUR / kg;129,64 EUR / colis;30 jour(s)
Crèmerie Œufs Fromages;Beurre demi sel;ECHIRE;298224;Frais;Par plaque de 250 g. Colis de 20 plaques. ;plaque;  3,90 EUR; 15,61 EUR / kg; 78,04 EUR / colis;7 jour(s)
Accompagnements Assaisonnement;Huile de tournesol;TG ECONOMY;300004;Ambiant;Par bouteille de 1 litre. Colis de 15 bouteilles. ;bouteille;  1,89 EUR;  1,89 EUR / L; 28,29 EUR / colis;30 jour(s)
Accompagnements Assaisonnement;Huile de tournesol;TG ECONOMY;300006;Ambiant;Par bidon de 25 litre. ;bidon; 49,18 EUR;  1,97 EUR / L;;30 jour(s)
Équipement Hygiène;Gel WC, nettoyant et. détartrant;TG QUALITY;300017;Ambiant;Par flacon de 750 ml. Colis de 10 flacons. ;flacon;  2,51 EUR;  3,35 EUR / L; 25,11 EUR / colis;30 jour(s)
Équipement Hygiène;Lessive linge liquide *ENV;TG QUALITY;300018;Ambiant;Par bidon de 3 litre. Colis de 6 bidons. ;bidon; 13,25 EUR;  4,42 EUR / L; 79,48 EUR / colis;30 jour(s)
Épicerie;Chips nature;TG ECONOMY;300022;Ambiant;Sachet de 500 g. Colis de 10 sachets. ;colis; 38,81 EUR;  7,76 EUR / kg;  3,88 EUR / sachet;30 jour(s)
Accompagnements Assaisonnement;Huile d'olive vierge extra;TG ECONOMY;300023;Ambiant;Par bouteille de 1 litre. Colis de 15 bouteilles. ;bouteille;  6,40 EUR;  6,40 EUR / L; 96,02 EUR / colis;30 jour(s)
Pains Viennoiserie Pâtes;Farine de blé T55;TG ECONOMY;300031;Ambiant;Par sac de 25 kg. ;sac; 15,90 EUR;  0,64 EUR / kg;;30 jour(s)
Pains Viennoiserie Pâtes;Farine de blé T55;TG ECONOMY;300033;Ambiant;Paquet de 1 kg. Colis de 10 paquets. ;colis;  7,19 EUR;  0,72 EUR / kg;  0,72 EUR / paquet;30 jour(s)
Épicerie;Café moulu prestige. 100% arabica;TG QUALITY;300052;Ambiant;Par paquet de 1 kg. Colis de 6 paquets. ;paquet; 17,48 EUR; 17,48 EUR / kg;104,87 EUR / colis;30 jour(s)
Épicerie;Café moulu harmonie. 50 % arabica / 50 % robusta;TG QUALITY;300053;Ambiant;Par paquet de 1 kg. Colis de 6 paquets. ;paquet; 12,25 EUR; 12,25 EUR / kg; 73,50 EUR / colis;30 jour(s)
Accompagnements Assaisonnement;Lentilles vertes;TG ECONOMY;300074;Ambiant;Par sac de 5 kg. ;sac; 17,13 EUR;  3,43 EUR / kg;;30 jour(s)
Accompagnements Assaisonnement;Pois cassés;TG ECONOMY;300076;Ambiant;Par sac de 5 kg. ;sac;  8,60 EUR;  1,72 EUR / kg;;30 jour(s)
Charcuterie Traiteur;Plaque feuilletée margarine. dim. de 2.5 mm;TG QUALITY;300078;Surgele;Portion de 600 g. Colis de 16 portions. ;colis; 28,93 EUR;  3,01 EUR / kg;  1,81 EUR / Portion;30 jour(s)
Charcuterie Traiteur;Plaque feuilletée. pur beurre 2.8 mm;TG QUALITY;300079;Surgele;Portion de 700 g. Colis de 14 portions. ;colis; 58,68 EUR;  5,99 EUR / kg;  4,19 EUR / Portion;30 jour(s)
Équipement Hygiène;Lessive linge performance;TG QUALITY;300082;Ambiant;Par sac de 18 kg. ;sac; 36,78 EUR;  2,04 EUR / kg;;30 jour(s)
Accompagnements Assaisonnement;Champignons de Paris émincés;TG ECONOMY;300084;Surgele;Par pièce de 2.5 kg. Colis de 4 pièces. ;pièce;  4,70 EUR;  1,88 EUR / kg; 18,78 EUR / colis;30 jour(s)
Crèmerie Œufs Fromages;Parmigiano reggiano râpé aop;TG QUALITY;300092;Frais;Par sachet de 500 g. Colis de 10 sachets. ;sachet;  9,61 EUR; 19,23 EUR / kg; 96,13 EUR / colis;7 jour(s)
Charcuterie Traiteur;Poitrine de porc fumée vpf. tranches fines;TG QUALITY;300093;Frais;Par sachet de 400 g. Colis de 12 sachets. ;sachet;  4,12 EUR; 10,30 EUR / kg; 49,44 EUR / colis;7 jour(s)
Épicerie;Speculoos;TG QUALITY;300094;Ambiant;Portion de 6 g. Colis de 300 portions. ;colis; 10,29 EUR;  5,72 EUR / kg;  0,03 EUR / Portion;30 jour(s)
Épicerie;Sucre en morceaux n°7. enveloppé par 2;TG QUALITY;300110;Ambiant;Portion de 5.208 g. Colis de 960 portions. ;colis; 20,47 EUR;  4,09 EUR / kg;  0,02 EUR / Portion;
Charcuterie Traiteur;Asperge blanche calibre. moyen 25/34;TG ECONOMY;300121;Ambiant;Par boite 4/4 de 660 g. Colis de 12 boites 4/4. ;boite 4/4;  3,83 EUR;  5,81 EUR / kg; 45,97 EUR / colis;30 jour(s)
Accompagnements Assaisonnement;Câpres fines;TG ECONOMY;300154;Ambiant;Par boite 4/4 de 800 g. Colis de 6 boites 4/4. ;boite 4/4;  4,06 EUR;  5,08 EUR / kg; 24,37 EUR / colis;30 jour(s)
Accompagnements Assaisonnement;Double concentré de tomates;TG ECONOMY;300172;Ambiant;Par boite de 880 g. Colis de 12 boites. ;boite;  2,47 EUR;  2,81 EUR / kg; 29,65 EUR / colis;30 jour(s)
Charcuterie Traiteur;Macédoine de légumes;TG ECONOMY;300211;Ambiant;Par boite 4/4 de 800 g. Colis de 12 boites 4/4. ;boite 4/4;  1,59 EUR;  1,99 EUR / kg; 19,08 EUR / colis;60 jour(s)
Accompagnements Assaisonnement;Cèpe extra sèche;TG QUALITY;300236;Ambiant;Par tubo de 500 g. Colis de 6 tubo. ;tubo; 44,18 EUR; 88,36 EUR / kg;265,07 EUR / colis;30 jour(s)
Charcuterie Traiteur;Jambon cuit supérieur. decouenne degraissé. pièce de 7.3kg environ;TG QUALITY;300243;Frais;Par pièce de 7.3 kg. Colis de 2 pièces. ;pièce; 70,71 EUR;  9,69 EUR / kg;141,42 EUR / colis;7 jour(s)
Épicerie;Oreillons de peches. préservés;TG ECONOMY;300273;Ambiant;Par boite 5/1 de 4.2 kg. Colis de 3 boites 5/1. ;boite 5/1;  8,05 EUR;  1,92 EUR / kg; 24,16 EUR / colis;30 jour(s)
Accompagnements Assaisonnement;Pulpe de tomate au jus;TG ECONOMY;300274;Ambiant;Par boite de 4 kg. Colis de 3 boites. ;boite;  5,10 EUR;  1,28 EUR / kg; 15,31 EUR / colis;60 jour(s)
Crèmerie Œufs Fromages;Emmental 27% mg;TG ECONOMY;300303;Frais;Par pièce de 3.5 kg. Colis de 3 pièces. ;pièce; 36,33 EUR; 10,38 EUR / kg;108,99 EUR / colis;7 jour(s)
Accompagnements Assaisonnement;Mayonnaise;TG QUALITY;300307;Ambiant;Par seau de 5 litre. ;seau; 16,79 EUR;  3,36 EUR / L;;10 jour(s)
Accompagnements Assaisonnement;Moutarde de Dijon;TG QUALITY;300321;Ambiant;Par seau de 1 kg. Colis de 6 seaux. ;seau;  2,80 EUR;  2,80 EUR / kg; 16,80 EUR / colis;30 jour(s)
Accompagnements Assaisonnement;Moutarde de Dijon;TG QUALITY;300322;Ambiant;Par seau de 5 kg. ;seau; 11,30 EUR;  2,26 EUR / kg;;30 jour(s)
Accompagnements Assaisonnement;Brocolis fleurette. sachet de 2.5 kg;TG ECONOMY;300325;Surgele;Par sachet de 2.5 kg. Colis de 4 sachets. ;sachet;  5,84 EUR;  2,34 EUR / kg; 23,36 EUR / colis;30 jour(s)
Accompagnements Assaisonnement;Carottes en rondelles;TG ECONOMY;300333;Surgele;Par sachet de 2.5 kg. Colis de 4 sachets. ;sachet;  2,85 EUR;  1,14 EUR / kg; 11,41 EUR / colis;60 jour(s)
Accompagnements Assaisonnement;Choux fleur en fleurette;TG ECONOMY;300349;Surgele;Par sachet de 2.5 kg. Colis de 4 sachets. ;sachet;  3,69 EUR;  1,47 EUR / kg; 14,74 EUR / colis;60 jour(s)
Accompagnements Assaisonnement;Epinards branches portions. sachet de 2.5 kg;TG ECONOMY;300357;Surgele;Par sachet de 2.5 kg. Colis de 4 sachets. ;sachet;  3,38 EUR;  1,35 EUR / kg; 13,50 EUR / colis;30 jour(s)
Accompagnements Assaisonnement;Haricots verts extra fins;TG ECONOMY;300359;Surgele;Par sachet de 2.5 kg. Colis de 4 sachets. ;sachet;  4,47 EUR;  1,79 EUR / kg; 17,88 EUR / colis;30 jour(s)
Accompagnements Assaisonnement;Haricot vert tres fin. sachet de 2.5 kg;TG ECONOMY;300361;Surgele;Par sachet de 2.5 kg. Colis de 4 sachets. ;sachet;  3,80 EUR;  1,52 EUR / kg; 15,18 EUR / colis;60 jour(s)
Accompagnements Assaisonnement;Légumes couscous. sachet de 2.5 kg;TG ECONOMY;300362;Surgele;Par sachet de 2.5 kg. Colis de 4 sachets. ;sachet;  3,58 EUR;  1,43 EUR / kg; 14,32 EUR / colis;30 jour(s)
Accompagnements Assaisonnement;Légumes ratatouille. sachet de 2.5 kg;TG ECONOMY;300364;Surgele;Par sachet de 2.5 kg. Colis de 4 sachets. ;sachet;  4,97 EUR;  1,99 EUR / kg; 19,87 EUR / colis;30 jour(s)
Pâtisserie Biscuiterie Confiserie;Bonbon accueil fruits. tubo de 1.4 kg;TG QUALITY;300375;Ambiant;Par tubo de 1.4 kg. Colis de 6 tubo. ;tubo; 11,49 EUR;  8,21 EUR / kg; 68,95 EUR / colis;30 jour(s)
Pâtisserie Biscuiterie Confiserie;Bonbon accueil menthe. tubo de 1.4 kg;TG QUALITY;300377;Ambiant;Par tubo de 1.4 kg. Colis de 6 tubo. ;tubo; 11,07 EUR;  7,91 EUR / kg; 66,44 EUR / colis;30 jour(s)
Accompagnements Assaisonnement;Oignon émincé. Calibre 6-8 mm;TG ECONOMY;300412;Surgele;Par sachet de 2.5 kg. Colis de 4 sachets. ;sachet;  5,03 EUR;  2,01 EUR / kg; 20,12 EUR / colis;60 jour(s)
Accompagnements Assaisonnement;Poivrons rouges et verts. en lanières;TG ECONOMY;300423;Surgele;Par sachet de 2.5 kg. Colis de 4 sachets. ;sachet;  6,03 EUR;  2,41 EUR / kg; 24,11 EUR / colis;30 jour(s)
Charcuterie Traiteur;Bacon fumé en tranche de 10 gr. barquette de 50 tranches;TG QUALITY;300445;Frais;Portion de 10 g. Barquette de 50 portions. ;barquette;  6,21 EUR; 12,41 EUR / kg;  0,12 EUR / Portion;7 jour(s)
Charcuterie Traiteur;Rosette entière;TG QUALITY;300448;Frais;Par pièce de 2.5 kg. Colis de 2 pièces. ;pièce; 29,79 EUR; 11,91 EUR / kg; 59,57 EUR / colis;7 jour(s)
Accompagnements Assaisonnement;Gratin dauphinois en sachet. individuel;TG QUALITY;300460;Surgele;Portion de 100 g. Colis de 30 portions. ;colis; 20,63 EUR;  6,88 EUR / kg;  0,69 EUR / Portion;30 jour(s)
Accompagnements Assaisonnement;Vinaigre d'alcool blanc 8°;TG ECONOMY;300461;Ambiant;Par bouteille de 1.5 litre. Colis de 12 bouteilles. ;bouteille;  1,16 EUR;  0,78 EUR / L; 13,94 EUR / colis;
Desserts Glaces;feuille genoise nature. 58*38*8 mm;TG QUALITY;300479;Ambiant;Portion de 400 g. Colis de 10 portions. ;colis; 30,30 EUR;  7,58 EUR / kg;  3,03 EUR / Portion;7 jour(s)
Crèmerie Œufs Fromages;Crème fraiche épaisse 30%. seau de 5 l;TG QUALITY;300488;Frais;Par seau de 5 litre. ;seau; 21,49 EUR;  4,30 EUR / L;;7 jour(s)
Crèmerie Œufs Fromages;Mozzarella souple 22%;TG QUALITY;300494;Frais;Par pièce de 1 kg. Colis de 8 pièces. ;pièce;  8,38 EUR;  8,38 EUR / kg; 67,02 EUR / colis;7 jour(s)
Accompagnements Assaisonnement;Poivre blanc moulu;TG ECONOMY;300516;Ambiant;Par sachet de 1 kg. Colis de 10 sachets. ;sachet; 18,63 EUR; 18,63 EUR / kg;186,28 EUR / colis;30 jour(s)
Accompagnements Assaisonnement;Poivre noir moulu;TG ECONOMY;300519;Ambiant;Par sachet de 1 kg. Colis de 10 sachets. ;sachet; 16,60 EUR; 16,60 EUR / kg;166,01 EUR / colis;30 jour(s)
Accompagnements Assaisonnement;mélange 5 baies;TG QUALITY;300528;Ambiant;Par boite de 350 g. Colis de 6 boites. ;boite;  5,61 EUR; 16,01 EUR / kg; 33,63 EUR / colis;30 jour(s)
Crèmerie Œufs Fromages;Emmental râpé 29%. sachet de 1 kg;TG ECONOMY;300542;Frais;Par sachet de 1 kg. Colis de 10 sachets. ;sachet; 10,34 EUR; 10,34 EUR / kg;103,42 EUR / colis;7 jour(s)
Épicerie;Mini bretzel salé;TG QUALITY;300546;Ambiant;Sac de 1 kg. Colis de 3 sacs. ;colis; 14,90 EUR;  4,97 EUR / kg;  4,97 EUR / sac;30 jour(s)
Charcuterie Traiteur;Bacon filet fumé;TG ECONOMY;300551;Frais;Par pièce de 1.8 kg. Colis de 2 pièces. ;pièce; 20,05 EUR; 11,14 EUR / kg; 40,09 EUR / colis;7 jour(s)
Accompagnements Assaisonnement;Huile de colza;TG ECONOMY;300579;Ambiant;Par bouteille de 1 litre. Colis de 15 bouteilles. ;bouteille;  2,09 EUR;  2,09 EUR / L; 31,40 EUR / colis;30 jour(s)
Accompagnements Assaisonnement;huile colza;TG ECONOMY;300580;Ambiant;Par bidon de 5 litre. Colis de 3 bidons. ;bidon;  9,14 EUR;  1,83 EUR / L; 27,42 EUR / colis;30 jour(s)
Pains Viennoiserie Pâtes;croissant beurre pret à cuire;TG ECONOMY;300614;Surgele;Portion de 55 g. Colis de 110 portions. ;colis; 28,85 EUR;  4,77 EUR / kg;  0,26 EUR / Portion;30 jour(s)
Pains Viennoiserie Pâtes;croissant beurre pret à cuire;TG QUALITY;300616;Surgele;Portion de 70 g. Colis de 60 portions. ;colis; 25,35 EUR;  6,04 EUR / kg;  0,42 EUR / Portion;30 jour(s)
Pains Viennoiserie Pâtes;pain au chocolat pret à cuire;TG QUALITY;300617;Surgele;Portion de 75 g. Colis de 70 portions. ;colis; 31,59 EUR;  6,02 EUR / kg;  0,45 EUR / Portion;30 jour(s)
Charcuterie Traiteur;Tartare de tomate en dés;TG QUALITY;300623;Frais;Par barquette de 2.5 kg. ;barquette; 15,28 EUR;  6,11 EUR / kg;;7 jour(s)
Crèmerie Œufs Fromages;Fromage blanc 2.8%;TG QUALITY;300630;Frais;Par seau de 5 kg. ;seau; 11,41 EUR;  2,28 EUR / kg;;7 jour(s)
Crèmerie Œufs Fromages;Fromage blanc 7.8%;TG QUALITY;300631;Frais;Par seau de 5 kg. ;seau; 15,02 EUR;  3,00 EUR / kg;;7 jour(s)
Crèmerie Œufs Fromages;Brie 25%. pièce de 3 kg;TG QUALITY;300632;Frais;Par pièce de 3 kg. ;pièce; 25,11 EUR;  8,37 EUR / kg;;7 jour(s)
Desserts Glaces;Chou à garnir;LEGAVE;300639;Ambiant;Portion de 10 g. Colis de 120 portions. ;colis; 20,31 EUR; 16,93 EUR / kg;  0,17 EUR / Portion;30 jour(s)
Équipement Hygiène;Gant latex poudré blanc. taille l;TG QUALITY;300662;Ambiant;Boite de 100 portions. ;boite;  4,03 EUR;;  0,04 EUR / Portion;60 jour(s)
Boissons;Sirop de grenadine;TG QUALITY;300684;Ambiant;Par bouteille de 1 litre. Colis de 6 bouteilles. ;bouteille;  3,28 EUR;  3,28 EUR / L; 19,68 EUR / colis;30 jour(s)
Crèmerie Œufs Fromages;Emmental français râpé;TG QUALITY;300690;Frais;Par sachet de 1 kg. Colis de 10 sachets. ;sachet;  8,38 EUR;  8,38 EUR / kg; 83,78 EUR / colis;7 jour(s)
Charcuterie Traiteur;Thon albacore entier naturel;TG QUALITY;300692;Ambiant;Par boite 4/4 de 800 g. Colis de 6 boites 4/4. ;boite 4/4;  7,57 EUR;  9,46 EUR / kg; 45,41 EUR / colis;30 jour(s)
Desserts Glaces;Fond de tarte sucré pur beurre. diamètre 10 cm;LEGAVE;300696;Surgele;Portion de 45 g. Colis de 100 portions. ;colis; 46,49 EUR; 10,33 EUR / kg;  0,46 EUR / Portion;30 jour(s)
Desserts Glaces;Maxi flan nature cuit. diamètre 27 cm;TG QUALITY;300705;Surgele;Pièce de 1.8 kg. Colis de 3 pièces. ;colis; 29,78 EUR;  5,51 EUR / kg;  9,93 EUR / pièce;30 jour(s)
Équipement Hygiène;Papier aluminium en boîte. distributrice. dimensions : 0.45 x 200 m;TG QUALITY;300714;Ambiant;Colis de 6 boites. ;boite; 26,60 EUR;;159,58 EUR / colis;
Crèmerie Œufs Fromages;Mascarpone 42 % m.g.;TG QUALITY;300718;Frais;Par pièce de 500 g. Colis de 6 pièces. ;pièce;  4,39 EUR;  8,79 EUR / kg; 26,36 EUR / colis;7 jour(s)
Charcuterie Traiteur;Lasagnes bolognaises vbf;TG QUALITY;300721;Surgele;Barquette de 2 kg. Colis de 3 barquettes. ;colis; 27,14 EUR;  4,52 EUR / kg;  9,05 EUR / barquette;30 jour(s)
Accompagnements Assaisonnement;vinaigre vin rouge 6°;TG ECONOMY;300734;Ambiant;Par bouteille de 1 litre. Colis de 12 bouteilles. ;bouteille;  1,03 EUR;  1,03 EUR / L; 12,40 EUR / colis;
Pains Viennoiserie Pâtes;Mini pain aux raisins beurre. fin - pret à cuire;TG QUALITY;300737;Surgele;Portion de 30 g. Colis de 160 portions. ;colis; 26,53 EUR;  5,53 EUR / kg;  0,17 EUR / Portion;30 jour(s)
Pains Viennoiserie Pâtes;Mini pain au chocolat. beurre fin - pret à cuire;TG QUALITY;300738;Surgele;Portion de 25 g. Colis de 160 portions. ;colis; 24,43 EUR;  6,11 EUR / kg;  0,15 EUR / Portion;30 jour(s)
Équipement Hygiène;Serviettes 30 x 30 cm ouate. 2 plis. blanche;TG QUALITY;300739;Ambiant;Colis de 16 paquets. Paquet de 200 portions. ;colis; 44,69 EUR;;  2,79 EUR / paquet;
Desserts Glaces;Brownie chocolat prédécoupé. et noix de pécan. part de 83 g;TG QUALITY;300745;Surgele;Portion de 83.333 g. Plaque de 30 portions. ;plaque; 27,93 EUR; 11,17 EUR / kg;  0,93 EUR / Portion;30 jour(s)
Accompagnements Assaisonnement;Ail coupé;TG QUALITY;300760;Surgele;Par sachet de 1 kg. Colis de 5 sachets. ;sachet;  3,92 EUR;  3,92 EUR / kg; 19,59 EUR / colis;30 jour(s)
Accompagnements Assaisonnement;Olive noire confite dénoyautée. Calibre 34/37;TG ECONOMY;300771;Ambiant;Par boite 5/1 de 4.1 kg. Colis de 3 boites 5/1. ;boite 5/1; 11,18 EUR;  2,73 EUR / kg; 33,55 EUR / colis;30 jour(s)
Accompagnements Assaisonnement;Sel dosette;TG ECONOMY;300778;Ambiant;Portion de 0.8 g. Colis de 2000 portions. ;colis;  5,11 EUR;  3,19 EUR / kg;  0,00 EUR / Portion;30 jour(s)
Accompagnements Assaisonnement;Poivre dosette;TG ECONOMY;300779;Ambiant;Portion de 0.14 g. Colis de 2000 portions. ;colis; 13,14 EUR; 46,93 EUR / kg;  0,01 EUR / Portion;30 jour(s)
Crèmerie Œufs Fromages;Beurre doux 82% m.g.;TG QUALITY;300782;Frais;Par plaque de 250 g. Colis de 40 plaques. ;plaque;  2,59 EUR; 10,38 EUR / kg;103,76 EUR / colis;7 jour(s)
Crèmerie Œufs Fromages;Parmigiano reggiano 22 mois. aop;TG QUALITY;300796;Frais;Par sachet de 1 kg. Colis de 10 sachets. ;sachet; 22,82 EUR; 22,82 EUR / kg;228,22 EUR / colis;7 jour(s)
Poissons Coquillages Crustacés;Filet de haddock moyen fumé à. l'ancienne. msc;TG ORIGINE;300800;Frais;Par pièce de 3 kg. ;pièce; 77,70 EUR; 25,90 EUR / kg;;2 jour(s)
Accompagnements Assaisonnement;Pommes dauphines;TG QUALITY;300825;Surgele;Par sachet de 2.5 kg. Colis de 4 sachets. ;sachet; 11,06 EUR;  4,42 EUR / kg; 44,24 EUR / colis;30 jour(s)
Charcuterie Traiteur;Croque monsieur. emballé individuellement;TG PREMIUM;300845;Surgele;Portion de 250 g. Colis de 12 portions. ;colis; 48,30 EUR; 16,10 EUR / kg;  4,03 EUR / Portion;30 jour(s)
Accompagnements Assaisonnement;Riz étuvé indica. qualité supérieure;TG QUALITY;300859;Ambiant;Par sac de 5 kg. ;sac; 11,10 EUR;  2,22 EUR / kg;;30 jour(s)
Accompagnements Assaisonnement;huile de tournesol;TG ECONOMY;300862;Ambiant;Par bidon de 5 litre. Colis de 3 bidons. ;bidon;  9,30 EUR;  1,86 EUR / L; 27,88 EUR / colis;30 jour(s)
Épicerie;Miel d'acacia liquide pot. verre de 28 g;TG QUALITY;300867;Ambiant;Portion de 28 g. Colis de 48 portions. ;colis; 39,01 EUR; 29,03 EUR / kg;  0,81 EUR / Portion;30 jour(s)
Viandes Volailles Gibier;Cordon bleu de dinde cuit;TG QUALITY;300868;Surgele;Portion de 125 g. Colis de 40 portions. ;colis; 27,52 EUR;  5,50 EUR / kg;  0,69 EUR / Portion;30 jour(s)
Poissons Coquillages Crustacés;Filet de saumon islande avec. peau sans aretes asc;TG ORIGINE;300881;Frais;Par poche de 1.7 kg. ;poche; 27,58 EUR; 16,23 EUR / kg;;2 jour(s)
Poissons Coquillages Crustacés;Moule entière cuite bio;TG ORIGINE;300909;Surgele;Par colis de 5 kg. ;colis; 19,84 EUR;  3,97 EUR / kg;;30 jour(s)
Crèmerie Œufs Fromages;Cantal entre deux au lait cru. AOP 30% m.g.;TG ORIGINE;300913;Frais;Par pièce de 1.296 kg. Colis de 4 pièces. ;pièce; 16,34 EUR; 12,61 EUR / kg; 65,34 EUR / colis;7 jour(s)
Charcuterie Traiteur;Chorizo de porc doux. domaine abotia;TG ORIGINE;300921;Frais;Portion de 350 g. Poche de 4 portions. ;poche; 32,37 EUR; 23,12 EUR / kg;  8,09 EUR / Portion;7 jour(s)
Charcuterie Traiteur;Chorizo de porc fort. domaine Abotia;TG ORIGINE;300922;Frais;Portion de 350 g. Poche de 4 portions. ;poche; 32,37 EUR; 23,12 EUR / kg;  8,09 EUR / Portion;7 jour(s)
Charcuterie Traiteur;Jésus de porc domaine abotia;TG ORIGINE;300924;Frais;Portion de 800 g. Poche de 2 portions. ;poche; 36,76 EUR; 22,97 EUR / kg; 18,38 EUR / Portion;7 jour(s)
Charcuterie Traiteur;Saucisson sec. domaine abotia;TG ORIGINE;300925;Frais;Portion de 280 g. Poche de 5 portions. ;poche; 34,23 EUR; 24,45 EUR / kg;  6,85 EUR / Portion;7 jour(s)
Charcuterie Traiteur;Saucisse sèche de porc. domaine abotia;TG ORIGINE;300926;Frais;Portion de 130 g. Poche de 10 portions. ;poche; 31,78 EUR; 24,45 EUR / kg;  3,18 EUR / Portion;7 jour(s)
Charcuterie Traiteur;Ventrèche de porc sèche. domaine ABOTIA;TG ORIGINE;300927;Frais;Par pièce de 2.7 kg. Colis de 4 pièces. ;pièce; 46,31 EUR; 17,15 EUR / kg;185,25 EUR / colis;7 jour(s)
Charcuterie Traiteur;Jambon de Bayonne IGP sans os. Domaine Abotia. 24 mois;TG ORIGINE;300928;Frais;Par pièce de 8 kg. ;pièce;236,18 EUR; 29,52 EUR / kg;;7 jour(s)
Crèmerie Œufs Fromages;Ossau iraty 1/4 aop 35% m.g.. grand affinage (9 mois mini);TG ORIGINE;300952;Frais;Par pièce de 1.13 kg. Colis de 4 pièces. ;pièce; 30,83 EUR; 27,28 EUR / kg;123,32 EUR / colis;7 jour(s)
Épicerie;Corn flakes nature;TG QUALITY;300964;Ambiant;Par sachet de 1 kg. Colis de 6 sachets. ;sachet;  5,00 EUR;  5,00 EUR / kg; 30,02 EUR / colis;30 jour(s)
Épicerie;Pétales de céréales goût. chocolat;TG QUALITY;300965;Ambiant;Par sachet de 1 kg. Colis de 6 sachets. ;sachet;  7,42 EUR;  7,42 EUR / kg; 44,53 EUR / colis;30 jour(s)
Épicerie;Muesli mix fruit;TG QUALITY;300966;Ambiant;Par sachet de 1 kg. Colis de 10 sachets. ;sachet;  6,88 EUR;  6,88 EUR / kg; 68,77 EUR / colis;30 jour(s)
Épicerie;Cerneau noix arlequin invalide. import ambré;LEGAVE;300971;Ambiant;Par sachet de 1 kg. Colis de 12 sachets. ;sachet;  8,44 EUR;  8,44 EUR / kg;101,27 EUR / colis;30 jour(s)
Accompagnements Assaisonnement;Riz basmati;TG QUALITY;300991;Ambiant;Par sac de 5 kg. ;sac; 14,26 EUR;  2,85 EUR / kg;;30 jour(s)
Accompagnements Assaisonnement;Julienne de légumes;TG ECONOMY;301011;Surgele;Par sachet de 2.5 kg. Colis de 4 sachets. ;sachet;  3,23 EUR;  1,29 EUR / kg; 12,90 EUR / colis;30 jour(s)
Viandes Volailles Gibier;Egréné boeuf 15% m.g.. vbf;TG QUALITY;301015;Surgele;Par pièce de 1 kg. Colis de 6 pièces. ;pièce; 12,69 EUR; 12,69 EUR / kg; 76,15 EUR / colis;30 jour(s)
Accompagnements Assaisonnement;Pommes sautées;TG QUALITY;301019;Surgele;Par sachet de 2.5 kg. Colis de 4 sachets. ;sachet;  5,90 EUR;  2,36 EUR / kg; 23,61 EUR / colis;30 jour(s)
Charcuterie Traiteur;Coppa porc abotia;TG ORIGINE;301034;Frais;Par pièce de 1.1 kg. Colis de 5 pièces. ;pièce; 27,70 EUR; 25,19 EUR / kg;138,52 EUR / colis;7 jour(s)
Accompagnements Assaisonnement;Ketchup;TG QUALITY;301041;Ambiant;Portion de 10 g. Colis de 600 portions. ;colis; 19,16 EUR;  3,19 EUR / kg;  0,03 EUR / Portion;30 jour(s)
Accompagnements Assaisonnement;Mayonnaise;TG QUALITY;301042;Ambiant;Portion de 9.5 g. Colis de 600 portions. ;colis; 27,01 EUR;  4,74 EUR / kg;  0,05 EUR / Portion;30 jour(s)
Épicerie;Pistaches entières émondées;LEGAVE;301066;Ambiant;Par sachet de 1 kg. Colis de 10 sachets. ;sachet; 39,99 EUR; 39,99 EUR / kg;399,85 EUR / colis;30 jour(s)
Équipement Hygiène;Sac à déchets noir 130l. bd ++;TG QUALITY;301083;Ambiant;Colis de 20 rouleaux. Rouleau de 10 portions. ;colis; 33,54 EUR;;  1,68 EUR / rouleau;
Équipement Hygiène;Sac à déchets noir 160l. bd rfc;TG QUALITY;301084;Ambiant;Colis de 10 rouleaux. Rouleau de 10 portions. ;colis; 27,56 EUR;;  2,76 EUR / rouleau;
Équipement Hygiène;Sac à dechets noir 160l. bd;TG QUALITY;301085;Ambiant;Colis de 10 rouleaux. Rouleau de 10 portions. ;colis; 17,65 EUR;;  1,77 EUR / rouleau;
Équipement Hygiène;Sac à déchets noir 110l. bd rfc;TG QUALITY;301086;Ambiant;Colis de 10 rouleaux. Rouleau de 20 portions. ;colis; 24,59 EUR;;  2,46 EUR / rouleau;
Équipement Hygiène;Sac à dechets noir 110l. bd;TG QUALITY;301089;Ambiant;Colis de 10 rouleaux. Rouleau de 20 portions. ;colis; 21,21 EUR;;  2,12 EUR / rouleau;
Desserts Glaces;Tartelette fine pur beurre. aux pommes cuite nappée;TG QUALITY;301091;Surgele;Portion de 110 g. Colis de 24 portions. ;colis; 39,12 EUR; 14,82 EUR / kg;  1,63 EUR / Portion;30 jour(s)
Équipement Hygiène;Gobelet carton. contenance 25cl;TG QUALITY;301093;Ambiant;Sachet de 50 portions. ;sachet;  2,35 EUR;;  0,05 EUR / Portion;
Équipement Hygiène;Lavette bleu. Dim.51x36cm;TG QUALITY;301096;Ambiant;Paquet de 25 portions. ;paquet;  5,15 EUR;;  0,21 EUR / Portion;
Équipement Hygiène;Lavette jaune. Dim. 51x36cm;TG QUALITY;301097;Ambiant;Paquet de 25 portions. ;paquet;  5,41 EUR;;  0,22 EUR / Portion;
Charcuterie Traiteur;Jambon de Bayonne IGP domaine. Abotia affinage 24 mois;TG ORIGINE;301102;Frais;Portion de 20 g. Barquette de 20 portions. ;barquette; 17,53 EUR; 43,83 EUR / kg;  0,88 EUR / Portion;7 jour(s)
Charcuterie Traiteur;Demi jambon de Bayonne IGP 24. mois désossé domaine Abotia;TG ORIGINE;301103;Frais;Par colis de 10 kg. ;colis;294,57 EUR; 29,46 EUR / kg;;7 jour(s)
Pains Viennoiserie Pâtes;Croissant beurre prêt à cuire. bio;TG NATURA;301106;Surgele;Portion de 70 g. Colis de 60 portions. ;colis; 36,17 EUR;  8,61 EUR / kg;  0,60 EUR / Portion;30 jour(s)
Pains Viennoiserie Pâtes;Baguette précuite bio;TG NATURA;301107;Surgele;Portion de 280 g. Colis de 22 portions. ;colis; 21,95 EUR;  3,56 EUR / kg;  1,00 EUR / Portion;30 jour(s)
Crèmerie Œufs Fromages;Crème anglaise;TG QUALITY;301108;Frais;Brick de 1 litre. Colis de 6 bricks. ;colis; 13,40 EUR;  2,23 EUR / L;  2,23 EUR / brick;7 jour(s)
Crèmerie Œufs Fromages;Crème liquide UHT 18% M.G.;TG ECONOMY;301109;Frais;Brick de 1 litre. Colis de 12 bricks. ;colis; 35,94 EUR;  3,00 EUR / L;  3,00 EUR / brick;7 jour(s)
Crèmerie Œufs Fromages;Crème liquide UHT 30% M.G.;TG ECONOMY;301110;Frais;Brick de 1 litre. Colis de 12 bricks. ;colis; 47,20 EUR;  3,93 EUR / L;  3,93 EUR / brick;7 jour(s)
Crèmerie Œufs Fromages;Crème liquide UHT 35% M.G.;TG ECONOMY;301111;Frais;Brick de 1 litre. Colis de 12 bricks. ;colis; 50,04 EUR;  4,17 EUR / L;  4,17 EUR / brick;7 jour(s)
Crèmerie Œufs Fromages;Crème fraîche épaisse 15% m.g.;TG QUALITY;301115;Frais;Par seau de 5 litre. ;seau; 15,89 EUR;  3,18 EUR / L;;7 jour(s)
Accompagnements Assaisonnement;Vinaigre balsamique modène IGP;TG QUALITY;301116;Ambiant;Par bouteille de 2 litre. Colis de 6 bouteilles. ;bouteille;  7,03 EUR;  3,52 EUR / L; 42,18 EUR / colis;30 jour(s)
Desserts Glaces;Millefeuille;TG ECONOMY;301126;Surgele;Portion de 65 g. Boite de 36 portions. ;boite; 18,81 EUR;  8,04 EUR / kg;  0,52 EUR / Portion;30 jour(s)
Épicerie;Amande cacaotée;TG QUALITY;301134;Ambiant;Portion de 3 g. Tubo de 200 portions. ;tubo; 13,71 EUR; 22,84 EUR / kg;  0,07 EUR / Portion;30 jour(s)
Équipement Hygiène;Papier cuisson. gn 1/1. dimension 530x325m;LEGAVE;301137;Ambiant;Boite de 500 portions. ;boite; 22,40 EUR;;  0,04 EUR / Portion;
Charcuterie Traiteur;Lomo de porc abotia. au piments d'Espelette. 50 tranches;TG ORIGINE;301142;Frais;Portion de 6.2 g. Barquette de 50 portions. ;barquette; 14,11 EUR; 45,52 EUR / kg;  0,28 EUR / Portion;7 jour(s)
Charcuterie Traiteur;Jambon cru séché tranché;TG ECONOMY;301144;Frais;Par barquette de 500 g. Colis de 15 barquettes. ;barquette;  6,51 EUR; 13,02 EUR / kg; 97,67 EUR / colis;7 jour(s)
Pâtisserie Biscuiterie Confiserie;Graisse pour moule et plaque;TG QUALITY;301149;Ambiant;Par bombe de 600 ml. Colis de 12 bombes. ;bombe;  2,94 EUR;  4,90 EUR / L; 35,29 EUR / colis;30 jour(s)
Crèmerie Œufs Fromages;Comté 1/16ème meule 8 mois. d'affinage AOP 34% m.g.;TG ORIGINE;301152;Frais;Par pièce de 2 kg. Colis de 4 pièces. ;pièce; 32,08 EUR; 16,04 EUR / kg;128,32 EUR / colis;7 jour(s)
Crèmerie Œufs Fromages;Féta cube aop;TG QUALITY;301173;Frais;Par barquette de 900 g. Colis de 4 barquettes. ;barquette; 13,71 EUR; 15,23 EUR / kg; 54,82 EUR / colis;7 jour(s)
Accompagnements Assaisonnement;Huile friture;TG ECONOMY;301181;Ambiant;Par bidon de 5 litre. Colis de 3 bidons. ;bidon; 12,19 EUR;  2,44 EUR / L; 36,56 EUR / colis;30 jour(s)
Accompagnements Assaisonnement;Brunoise de légumes;TG ECONOMY;301189;Surgele;Par sachet de 2.5 kg. Colis de 4 sachets. ;sachet;  3,25 EUR;  1,30 EUR / kg; 12,98 EUR / colis;60 jour(s)
Poissons Coquillages Crustacés;Huitre marennes d'oléron. numéro 3 igp;TG ORIGINE;301219;Frais;Portion de 83.333 g. Colis de 48 portions. ;colis; 35,46 EUR;  8,87 EUR / kg;  0,74 EUR / Portion;
Épicerie;Salade 5 fruits;TG QUALITY;301226;Frais;Par seau de 3 litre. ;seau; 12,99 EUR;  4,33 EUR / L;;5 jour(s)
Épicerie;Salade de fruits. petites découpes;TG QUALITY;301227;Frais;Par seau de 3 litre. ;seau; 11,97 EUR;  3,99 EUR / L;;5 jour(s)
Épicerie;Segment d'orange;TG QUALITY;301228;Frais;Par seau de 3 litre. ;seau; 15,20 EUR;  5,07 EUR / L;;5 jour(s)
Épicerie;Segment pamplemousse;TG QUALITY;301229;Frais;Par seau de 3 litre. ;seau; 12,84 EUR;  4,28 EUR / L;;5 jour(s)
Épicerie;Salade 6 fruits;TG QUALITY;301230;Frais;Par seau de 3 litre. ;seau; 13,16 EUR;  4,39 EUR / L;;5 jour(s)
Épicerie;Salade 4 fruits exotiques;TG QUALITY;301232;Frais;Par seau de 3 litre. ;seau; 14,20 EUR;  4,73 EUR / L;;5 jour(s)
Crèmerie Œufs Fromages;Reblochon de savoie aop. 28% m.g.;TG ORIGINE;301247;Frais;Par pièce de 450 g. Colis de 6 pièces. ;pièce;  7,31 EUR; 16,25 EUR / kg; 43,88 EUR / colis;7 jour(s)
Desserts Glaces;Crème glacée vanille Bourbon;TG QUALITY;301250;Surgele;Par bac de 2.5 litre. Colis de 4 bacs. ;bac;  7,45 EUR;  2,98 EUR / L; 29,79 EUR / colis;30 jour(s)
Desserts Glaces;Crème glacée vanille bourbon;TG QUALITY;301269;Surgele;Par bac de 5 litre. Colis de 2 bacs. ;bac; 13,21 EUR;  2,64 EUR / L; 26,42 EUR / colis;30 jour(s)
Charcuterie Traiteur;Jambon sec supérieur. avec intercalaires. 25 tranches;TG QUALITY;301328;Frais;Par barquette de 500 g. Colis de 4 barquettes. ;barquette;  8,32 EUR; 16,63 EUR / kg; 33,26 EUR / colis;7 jour(s)
Épicerie;Café soluble filtre. dosette de 2 g;TG QUALITY;301343;Ambiant;Portion de 2 g. Boite de 100 portions. ;boite; 11,47 EUR; 57,33 EUR / kg;  0,11 EUR / Portion;30 jour(s)
Épicerie;Café soluble filtre décafeiné. dosette de 2 g;TG QUALITY;301344;Ambiant;Portion de 2 g. Boite de 100 portions. ;boite; 11,61 EUR; 58,03 EUR / kg;  0,12 EUR / Portion;30 jour(s)
Charcuterie Traiteur;Rosette. tranche 5 g. 50 tranche;TG QUALITY;301397;Frais;Portion de 5 g. Barquette de 50 portions. ;barquette;  2,65 EUR; 10,59 EUR / kg;  0,05 EUR / Portion;7 jour(s)
Charcuterie Traiteur;Rosette en tranche de 10 gr. 50 tranches;TG QUALITY;301398;Frais;Portion de 10 g. Barquette de 50 portions. ;barquette;  4,93 EUR;  9,86 EUR / kg;  0,10 EUR / Portion;7 jour(s)
Charcuterie Traiteur;Lomo porc abotia. au piment d'Espelette;TG ORIGINE;301399;Frais;Par poche de 1 kg. Colis de 5 poches. ;poche; 27,32 EUR; 27,32 EUR / kg;136,61 EUR / colis;7 jour(s)
Boissons;Jus d'orange;TG QUALITY;301409;Ambiant;Brick de 1 litre. Colis de 6 bricks. ;colis; 12,69 EUR;  2,12 EUR / L;  2,12 EUR / brick;30 jour(s)
Boissons;Jus de pomme;TG QUALITY;301410;Ambiant;Brick de 1 litre. Colis de 6 bricks. ;colis;  7,20 EUR;  1,20 EUR / L;  1,20 EUR / brick;30 jour(s)
Boissons;Nectar multifruits sans sucre;TG QUALITY;301412;Ambiant;Brick de 1 litre. Colis de 6 bricks. ;colis;  8,42 EUR;  1,40 EUR / L;  1,40 EUR / brick;30 jour(s)
Pâtisserie Biscuiterie Confiserie;Chocolat de laboratoire noir. 50% cacao minimum;LEGAVE;301421;Ambiant;Par sac de 5 kg. Colis de 4 sacs. ;sac; 66,89 EUR; 13,38 EUR / kg;267,55 EUR / colis;30 jour(s)
Pâtisserie Biscuiterie Confiserie;Chocolat de couverture noir. 72 %;LEGAVE;301424;Ambiant;Par sac de 5 kg. Colis de 4 sacs. ;sac; 80,64 EUR; 16,13 EUR / kg;322,55 EUR / colis;30 jour(s)
Équipement Hygiène;Film alimentaire boîte. distributrice 300x0.45m. avec règlette de découpe à;TG QUALITY;301452;Ambiant;Colis de 6 boites. ;boite;  7,75 EUR;; 46,49 EUR / colis;
Équipement Hygiène;Film alimentaire boîte. distributrice 300x0.30m. avec règlette de découpe à;TG QUALITY;301453;Ambiant;Colis de 6 boites. ;boite;  5,30 EUR;; 31,77 EUR / colis;
Épicerie;Sucre buchette;TG QUALITY;301491;Ambiant;Portion de 4 g. Colis de 750 portions. ;colis;  9,47 EUR;  3,16 EUR / kg;  0,01 EUR / Portion;
Accompagnements Assaisonnement;Frites pré-frites. bi-température huile tournesol. calibre 9/9;TG QUALITY;301492;Surgele;Sachet de 2.5 kg. Colis de 4 sachets. ;colis; 22,40 EUR;  2,24 EUR / kg;  5,60 EUR / sachet;30 jour(s)
Accompagnements Assaisonnement;Frites pré-frites steakhouse;TG QUALITY;301496;Surgele;Par sachet de 2.5 kg. Colis de 4 sachets. ;sachet;  5,59 EUR;  2,24 EUR / kg; 22,35 EUR / colis;30 jour(s)
Équipement Hygiène;Plonge vaisselle concentré;TG QUALITY;301504;Ambiant;Par bidon de 5 litre. Colis de 2 bidons. ;bidon;  9,67 EUR;  1,93 EUR / L; 19,34 EUR / colis;30 jour(s)
Desserts Glaces;Sorbet à la mangue Alphonso. d'Inde;ATELIER DES ECRINS;301510;Surgele;Pot de 140 ml. Colis de 15 pots. ;colis; 25,74 EUR; 12,26 EUR / L;  1,72 EUR / pot;30 jour(s)
Accompagnements Assaisonnement;Fleur de sel de Guerande IGP;TG ORIGINE;301511;Ambiant;Par boite de 850 g. Colis de 6 boites. ;boite; 13,07 EUR; 15,38 EUR / kg; 78,42 EUR / colis;30 jour(s)
Desserts Glaces;Crème glacée à la vanille de. Madagascar et noix de pécan;ATELIER DES ECRINS;301512;Surgele;Pot de 140 ml. Colis de 15 pots. ;colis; 26,56 EUR; 12,65 EUR / L;  1,77 EUR / pot;30 jour(s)
Desserts Glaces;Crème glacée au caramel et. morceaux de brownie maison;ATELIER DES ECRINS;301513;Surgele;Pot de 140 ml. Colis de 15 pots. ;colis; 25,74 EUR; 12,26 EUR / L;  1,72 EUR / pot;30 jour(s)
Crèmerie Œufs Fromages;Beurre micropain doux;TG QUALITY;301547;Frais;Portion de 10 g. Boite de 100 portions. ;boite; 11,02 EUR; 11,02 EUR / kg;  0,11 EUR / Portion;7 jour(s)
Crèmerie Œufs Fromages;Beurre micropain demi sel;TG QUALITY;301548;Frais;Portion de 10 g. Boite de 100 portions. ;boite; 11,02 EUR; 11,02 EUR / kg;  0,11 EUR / Portion;7 jour(s)
Crèmerie Œufs Fromages;Oeuf fermier frais moyen. pleins air LR;TG ORIGINE;301573;Frais;Portion de 53 g. Boite de 12 portions. ;boite;  3,25 EUR;  5,11 EUR / kg;  0,27 EUR / Portion;7 jour(s)
Desserts Glaces;Tarte au chocolat prédécoupée. x 10 parts;TG ECONOMY;301592;Surgele;Portion de 75 g. Pièce de 10 portions. ;pièce;  5,54 EUR;  7,38 EUR / kg;  0,55 EUR / Portion;30 jour(s)
Charcuterie Traiteur;Tortelloni ricotta épinards;TG QUALITY;301597;Surgele;Sachet de 2 kg. Colis de 2 sachets. ;colis; 17,68 EUR;  4,42 EUR / kg;  8,84 EUR / sachet;30 jour(s)
Accompagnements Assaisonnement;Bouillon de légumes;TG QUALITY;301600;Ambiant;Par boite de 1 kg. Colis de 8 boites. ;boite;  7,43 EUR;  7,43 EUR / kg; 59,46 EUR / colis;30 jour(s)
Accompagnements Assaisonnement;Fond brun lié;TG QUALITY;301603;Ambiant;Par boite de 1 kg. Colis de 8 boites. ;boite;  9,53 EUR;  9,53 EUR / kg; 76,26 EUR / colis;30 jour(s)
Accompagnements Assaisonnement;Jus de veau lié;TG QUALITY;301604;Ambiant;Par boite de 1 kg. Colis de 8 boites. ;boite; 10,94 EUR; 10,94 EUR / kg; 87,49 EUR / colis;30 jour(s)
Pâtisserie Biscuiterie Confiserie;Gélatine or 200 bloom. 500 feuilles;LEGAVE;301606;Ambiant;Par paquet de 1 kg. Colis de 10 paquets. ;paquet; 28,33 EUR; 28,33 EUR / kg;283,31 EUR / colis;30 jour(s)
Équipement Hygiène;Plonge antigerm plus;TG QUALITY;301624;Ambiant;Par bidon de 5 litre. Colis de 2 bidons. ;bidon; 11,87 EUR;  2,38 EUR / L; 23,75 EUR / colis;30 jour(s)
Crèmerie Œufs Fromages;Oeufs durs écalés plein air. calibre 43/53;TG QUALITY;301637;Frais;Portion de 38.056 g. Colis de 72 portions. ;colis; 31,66 EUR; 11,55 EUR / kg;  0,44 EUR / Portion;7 jour(s)
Desserts Glaces;Coeur coulant chocolat cuit;TG QUALITY;301643;Surgele;Portion de 110 g. Colis de 27 portions. ;colis; 28,05 EUR;  9,45 EUR / kg;  1,04 EUR / Portion;30 jour(s)
Accompagnements Assaisonnement;Couscous moyen;TG QUALITY;301649;Ambiant;Par sac de 5 kg. ;sac;  9,45 EUR;  1,89 EUR / kg;;30 jour(s)
Épicerie;Cacahuetes grillées et salées;TG QUALITY;301661;Ambiant;Par paquet de 1.5 kg. Colis de 6 paquets. ;paquet;  7,42 EUR;  4,95 EUR / kg; 44,51 EUR / colis;30 jour(s)
Pains Viennoiserie Pâtes;Mini torsade aux pépites de. chocolat. prêt à cuire;TG QUALITY;301677;Surgele;Portion de 30 g. Colis de 100 portions. ;colis; 24,79 EUR;  8,26 EUR / kg;  0,25 EUR / Portion;30 jour(s)
Accompagnements Assaisonnement;Haricot vert très fin cuit. pays de la Loire;TG ORIGINE;301688;Surgele;Par sachet de 2.5 kg. Colis de 4 sachets. ;sachet;  6,32 EUR;  2,53 EUR / kg; 25,26 EUR / colis;30 jour(s)
Desserts Glaces;Crème glacée miel aux éclats. de noisettes bio;ATELIER DES ECRINS;301703;Surgele;Pot de 140 ml. Colis de 15 pots. ;colis; 25,74 EUR; 12,26 EUR / L;  1,72 EUR / pot;30 jour(s)
Crèmerie Œufs Fromages;Beurre micropain doux bio;TG NATURA;301709;Frais;Portion de 10 g. Boite de 100 portions. ;boite; 13,59 EUR; 13,59 EUR / kg;  0,14 EUR / Portion;7 jour(s)
Crèmerie Œufs Fromages;Oeuf frais vrac catégorie 0. bio;TG NATURA;301712;Frais;Boite de 318 g. Colis de 16 boites. Boite de 6 portions. ;colis; 40,69 EUR;  8,00 EUR / kg;  2,54 EUR / boite;7 jour(s)
Crèmerie Œufs Fromages;Beurre demi sel bio;TG NATURA;301714;Frais;Par plaque de 250 g. Colis de 20 plaques. ;plaque;  3,30 EUR; 13,19 EUR / kg; 65,94 EUR / colis;7 jour(s)
Crèmerie Œufs Fromages;Beurre doux bio;TG NATURA;301715;Frais;Par plaque de 250 g. Colis de 20 plaques. ;plaque;  3,48 EUR; 13,93 EUR / kg; 69,64 EUR / colis;7 jour(s)
Crèmerie Œufs Fromages;Lait demi écrémé uht bio;TG NATURA;301716;Frais;Brick de 1 litre. Colis de 6 bricks. ;colis;  8,13 EUR;  1,36 EUR / L;  1,36 EUR / brick;7 jour(s)
Crèmerie Œufs Fromages;Camembert au lait thermisé. 23% m.g. bio;TG NATURA;301718;Frais;Par pièce de 250 g. Colis de 12 pièces. ;pièce;  3,72 EUR; 14,89 EUR / kg; 44,66 EUR / colis;5 jour(s)
Desserts Glaces;Mini crêpe moelleuse au lait. frais écrémé diamètre 10 cm. pièce de 15 g;TG QUALITY;301760;Surgele;Portion de 15 g. Colis de 180 portions. ;colis; 22,67 EUR;  8,39 EUR / kg;  0,13 EUR / Portion;30 jour(s)
Desserts Glaces;Compote de pommes allégée;TG ECONOMY;301803;Ambiant;Par boite 5/1 de 4.2 kg. Colis de 3 boites 5/1. ;boite 5/1;  7,52 EUR;  1,79 EUR / kg; 22,56 EUR / colis;30 jour(s)
Épicerie;Muesli bio;TG NATURA;301834;Ambiant;Par sachet de 2 kg. Colis de 6 sachets. ;sachet;  6,22 EUR;  3,11 EUR / kg; 37,34 EUR / colis;30 jour(s)
Épicerie;Muesli aux fruits rouges bio;TG NATURA;301835;Ambiant;Par sachet de 2 kg. Colis de 6 sachets. ;sachet; 12,20 EUR;  6,10 EUR / kg; 73,21 EUR / colis;30 jour(s)
Accompagnements Assaisonnement;Pâtes penne rigate à la. semoule de blé dur. bio;TG NATURA;301850;Ambiant;Par sac de 5 kg. Colis de 2 sacs. ;sac; 11,96 EUR;  2,39 EUR / kg; 23,92 EUR / colis;30 jour(s)
Accompagnements Assaisonnement;Sauce soja salée;TG QUALITY;301889;Ambiant;Par bouteille de 1 litre. Colis de 6 bouteilles. ;bouteille;  7,51 EUR;  7,51 EUR / L; 45,03 EUR / colis;30 jour(s)
Charcuterie Traiteur;Mais doux superweet sous vide;TG QUALITY;301921;Ambiant;Par boite 4/4 de 670 g. Colis de 12 boites 4/4. ;boite 4/4;  1,81 EUR;  2,69 EUR / kg; 21,66 EUR / colis;30 jour(s)
Accompagnements Assaisonnement;Bouillon de volaille;TG QUALITY;301922;Ambiant;Par boite de 700 g. Colis de 8 boites. ;boite;  6,64 EUR;  9,49 EUR / kg; 53,15 EUR / colis;30 jour(s)
Accompagnements Assaisonnement;Fumet de poisson;TG QUALITY;301924;Ambiant;Par boite de 900 g. Colis de 8 boites. ;boite;  8,90 EUR;  9,89 EUR / kg; 71,20 EUR / colis;30 jour(s)
Desserts Glaces;Sorbet framboise bio;ATELIER DES ECRINS;301925;Surgele;Pot de 140 ml. Colis de 15 pots. ;colis; 25,74 EUR; 12,26 EUR / L;  1,72 EUR / pot;30 jour(s)
Crèmerie Œufs Fromages;Tomme de normandie;TG ORIGINE;301978;Frais;Par pièce de 1.9 kg. ;pièce; 22,32 EUR; 11,75 EUR / kg;;7 jour(s)
Accompagnements Assaisonnement;Frites enrobées 6x6 préfrites;TG QUALITY;302087;Surgele;Par sachet de 2.5 kg. Colis de 4 sachets. ;sachet;  5,48 EUR;  2,19 EUR / kg; 21,91 EUR / colis;30 jour(s)
Fruits et Légumes;Laitue. catégorie 1. France;STKFL;302114;Frais;Pièce de 350 g. Colis de 6 pièces. ;colis;  6,82 EUR;  3,25 EUR / kg;  1,14 EUR / pièce;
Fruits et Légumes;Pommes Golden 136/165. catégorie 1. France;STKFL;302123;Frais;Par sachet de 2 kg. ;sachet;  3,21 EUR;  1,61 EUR / kg;;
Crèmerie Œufs Fromages;Yaourt fermier nature bio;TG ORIGINE;302124;Frais;Portion de 125 g. Colis de 24 portions. ;colis; 15,23 EUR;  5,08 EUR / kg;  0,63 EUR / Portion;7 jour(s)
Accompagnements Assaisonnement;Lait de coco;TG QUALITY;302189;Ambiant;Par brick de 1 litre. Colis de 12 bricks. ;brick;  1,95 EUR;  1,95 EUR / L; 23,34 EUR / colis;30 jour(s)
Pâtisserie Biscuiterie Confiserie;Sucre poudre;TG QUALITY;302223;Ambiant;Par sachet de 1 kg. Colis de 10 sachets. ;sachet;  1,05 EUR;  1,05 EUR / kg; 10,51 EUR / colis;
Charcuterie Traiteur;Carottes rapées;TG QUALITY;302231;Frais;Par barquette de 2 kg. ;barquette;  5,88 EUR;  2,94 EUR / kg;;7 jour(s)
Charcuterie Traiteur;Céleri remoulade;TG QUALITY;302232;Frais;Par barquette de 2.1 kg. ;barquette;  6,70 EUR;  3,19 EUR / kg;;7 jour(s)
Charcuterie Traiteur;Champignons à la grecque;TG QUALITY;302233;Frais;Par barquette de 2.4 kg. ;barquette; 16,16 EUR;  6,73 EUR / kg;;7 jour(s)
Charcuterie Traiteur;Macédoine de légumes;TG QUALITY;302235;Frais;Par barquette de 2.4 kg. ;barquette;  7,57 EUR;  3,15 EUR / kg;;7 jour(s)
Charcuterie Traiteur;Taboulé oriental;TG QUALITY;302240;Frais;Par barquette de 2.4 kg. ;barquette;  7,82 EUR;  3,26 EUR / kg;;7 jour(s)
Boissons;Boisson Soja FSC Bio;TG NATURA;302243;Frais;Par bouteille de 1 kg. Colis de 8 bouteilles. ;bouteille;  1,81 EUR;  1,81 EUR / kg; 14,46 EUR / colis;7 jour(s)
Épicerie;Thé vert fairtrade bio;TG NATURA;302279;Ambiant;Portion de 1.48 g. Boite de 25 portions. ;boite;  1,76 EUR; 47,43 EUR / kg;  0,07 EUR / Portion;30 jour(s)
Crèmerie Œufs Fromages;Crème liquide uht 30% m.g.;TG QUALITY;302287;Frais;Brick de 1 litre. Colis de 6 bricks. ;colis; 23,06 EUR;  3,84 EUR / L;  3,84 EUR / brick;7 jour(s)
Crèmerie Œufs Fromages;Crème liquide uht 35% m.g.;TG QUALITY;302288;Frais;Brick de 1 litre. Colis de 6 bricks. ;colis; 25,04 EUR;  4,17 EUR / L;  4,17 EUR / brick;7 jour(s)
Crèmerie Œufs Fromages;Saint nectaire laitier aop;TG ORIGINE;302292;Frais;Par pièce de 1.767 kg. Colis de 2 pièces. ;pièce; 20,32 EUR; 11,50 EUR / kg; 40,64 EUR / colis;7 jour(s)
Crèmerie Œufs Fromages;Oeuf entier liquide elevage. au sol;TG QUALITY;302296;Frais;Par bouteille de 1 kg. Colis de 6 bouteilles. ;bouteille;  4,29 EUR;  4,29 EUR / kg; 25,71 EUR / colis;4 jour(s)
Crèmerie Œufs Fromages;Blanc d'oeuf monté en neige. sur lit de caramel;TG QUALITY;302300;Frais;Par barquette de 300 g. Colis de 6 barquettes. ;barquette;  2,59 EUR;  8,63 EUR / kg; 15,53 EUR / colis;7 jour(s)
Pains Viennoiserie Pâtes;Pain aux raisins prêt à cuire;TG QUALITY;302301;Surgele;Portion de 100 g. Colis de 72 portions. ;colis; 40,10 EUR;  5,57 EUR / kg;  0,56 EUR / Portion;30 jour(s)
Pâtisserie Biscuiterie Confiserie;Galette pur beurre x2;TG QUALITY;302302;Ambiant;Sachet de 15 g. Colis de 280 sachets. ;colis; 35,28 EUR;  8,40 EUR / kg;  0,13 EUR / sachet;30 jour(s)
Pâtisserie Biscuiterie Confiserie;Madeleine coquille;TG QUALITY;302303;Ambiant;Sachet de 25 g. Colis de 120 sachets. ;colis; 13,92 EUR;  4,64 EUR / kg;  0,12 EUR / sachet;30 jour(s)
Poissons Coquillages Crustacés;Huître fine normande n°3;TG ORIGINE;302376;Frais;Portion de 83.333 g. Bourriche de 48 portions. ;bourriche; 31,33 EUR;  7,83 EUR / kg;  0,65 EUR / Portion;
Desserts Glaces;Gâteau moelleux au chocolat;TG QUALITY;302379;Surgele;Par pièce de 1.1 kg. Colis de 3 pièces. ;pièce; 14,12 EUR; 12,84 EUR / kg; 42,36 EUR / colis;30 jour(s)
Accompagnements Assaisonnement;Spaghetti;TG ECONOMY;302382;Ambiant;Par sac de 5 kg. ;sac;  8,21 EUR;  1,64 EUR / kg;;30 jour(s)
Accompagnements Assaisonnement;Penne rigate;TG ECONOMY;302383;Ambiant;Par sac de 5 kg. ;sac;  7,63 EUR;  1,53 EUR / kg;;30 jour(s)
Poissons Coquillages Crustacés;Filet de truite arc en ciel. avec peau des hauts de france;TG ORIGINE;302389;Frais;Portion de 666.667 g. Colis de 9 portions. ;colis;116,85 EUR; 19,48 EUR / kg; 12,98 EUR / Portion;
Accompagnements Assaisonnement;Vinaigre de cidre;TG ECONOMY;302393;Ambiant;Par bouteille de 1 litre. Colis de 6 bouteilles. ;bouteille;  2,47 EUR;  2,47 EUR / L; 14,79 EUR / colis;
Poissons Coquillages Crustacés;Truite entière vidée;TG ORIGINE;302403;Frais;Portion de 300 g. Colis de 20 portions. ;colis; 65,96 EUR; 10,99 EUR / kg;  3,30 EUR / Portion;
Crèmerie Œufs Fromages;Fromage blanc 0% m.g.;TG QUALITY;302418;Frais;Par seau de 5 kg. ;seau; 12,19 EUR;  2,44 EUR / kg;;7 jour(s)
Crèmerie Œufs Fromages;Kiri;BEL;302545;Frais;Portion de 18 g. Coffret de 80 portions. ;coffret; 26,75 EUR; 18,57 EUR / kg;  0,33 EUR / Portion;7 jour(s)
Crèmerie Œufs Fromages;Samos;BEL;302546;Frais;Portion de 18 g. Coffret de 80 portions. ;coffret; 25,68 EUR; 17,84 EUR / kg;  0,32 EUR / Portion;7 jour(s)
Épicerie;Crunchy avec des copeaux au. chocolat noir;COUNTRY FARM;302555;Ambiant;Sachet de 500 g. Colis de 10 sachets. ;colis; 40,85 EUR;  8,17 EUR / kg;  4,09 EUR / sachet;30 jour(s)
Épicerie;Confiture de fraise extra. 45%;VALADE EN CORREZE;302901;Ambiant;Par bocal de 1 kg. Colis de 6 bocaux. ;bocal;  5,85 EUR;  5,85 EUR / kg; 35,11 EUR / colis;30 jour(s)
Épicerie;Confiture d'abricot extra. 45%;VALADE EN CORREZE;302919;Ambiant;Par bocal de 1 kg. Colis de 6 bocaux. ;bocal;  5,93 EUR;  5,93 EUR / kg; 35,55 EUR / colis;30 jour(s)
Épicerie;Gelée de myrtille extra;VALADE EN CORREZE;302968;Ambiant;Par bocal de 1 kg. Colis de 6 bocaux. ;bocal; 10,36 EUR; 10,36 EUR / kg; 62,15 EUR / colis;30 jour(s)
Épicerie;Chocolat en poudre 32 %;TG QUALITY;303761;Ambiant;Dose de 20 g. Colis de 250 doses. ;colis; 45,25 EUR;  9,05 EUR / kg;  0,18 EUR / dose;30 jour(s)
Poissons Coquillages Crustacés;Filet de saumon avec peau sans. aretes. sous-vide;;311544;Frais;Par pièce de 1.7 kg. ;pièce; 24,56 EUR; 14,45 EUR / kg;;3 jour(s)
Poissons Coquillages Crustacés;Crevette cuite amérique du sud. calibre 60/80;;311564;Frais;Par barquette de 2 kg. ;barquette; 19,17 EUR;  9,58 EUR / kg;;3 jour(s)
Crèmerie Œufs Fromages;Oeuf dur écalé calibre 43/53;SERVIS OEUF;311572;Frais;Portion de 38.056 g. Colis de 72 portions. ;colis; 24,07 EUR;  8,78 EUR / kg;  0,33 EUR / Portion;7 jour(s)
Viandes Volailles Gibier;Ribs de porc en bande;BEAUVALLET RESTAURATION;311623;Frais;Par pièce de 3 kg. ;pièce; 32,84 EUR; 10,95 EUR / kg;;7 jour(s)
Viandes Volailles Gibier;Suprème de poulet;LE GAULOIS PROF;311727;Frais;Poche de 1.8 kg. Colis de 3 poches. Poche de 10 portions. ;colis; 53,03 EUR;  9,82 EUR / kg; 17,68 EUR / poche;7 jour(s)
Crèmerie Œufs Fromages;Tomme de savoie igp 30% m.g.;FLORALPES;311869;Frais;Par pièce de 1.6 kg. Colis de 2 pièces. ;pièce; 20,09 EUR; 12,55 EUR / kg; 40,17 EUR / colis;7 jour(s)
Poissons Coquillages Crustacés;Hareng fumé;;311921;Frais;Par sachet de 1 kg. ;sachet;  9,19 EUR;  9,19 EUR / kg;;9 jour(s)
Crèmerie Œufs Fromages;Brassé végétal nature au lait. fermenté de coco;ANDROS;315872;Frais;Lot de 400 g. Colis de 6 lots. Lot de 4 portions. ;colis; 14,70 EUR;  6,13 EUR / kg;  2,45 EUR / lot;7 jour(s)
Poissons Coquillages Crustacés;Dorade royale vidée grattée. elevage import;;317274;Ex.null;Portion de 500 g. Colis de 12 portions. ;colis; 90,10 EUR; 15,02 EUR / kg;  7,51 EUR / Portion;2 jour(s)
Accompagnements Assaisonnement;Riz basmati 10 mn B. Ben's original;BEN'S ORIGINAL;317365;Ambiant;Par sac de 2.5 kg. Colis de 4 sacs. ;sac; 20,96 EUR;  8,38 EUR / kg; 83,84 EUR / colis;30 jour(s)
Épicerie;Oreillons de peches préservées;LA PULPE;319090;Ambiant;Par boite 4/4 de 765 g. Colis de 12 boites 4/4. ;boite 4/4;  2,25 EUR;  2,94 EUR / kg; 27,00 EUR / colis;30 jour(s)
Boissons;Mousseux brut;POL REMY;319149;Ambiant;Bouteille de 750 ml. Colis de 6 bouteilles. ;colis; 20,63 EUR;  4,59 EUR / L;  3,44 EUR / bouteille;
Boissons;Mousseux demi sec;POL REMY;319174;Ambiant;Bouteille de 750 ml. Colis de 6 bouteilles. ;colis; 19,43 EUR;  4,32 EUR / L;  3,24 EUR / bouteille;
Accompagnements Assaisonnement;Haricots verts extra fins. cuits express. cultivé 100 % en France CE2;D'AUCY;321638;Surgele;Par sachet de 2.5 kg. Colis de 4 sachets. ;sachet;  8,50 EUR;  3,40 EUR / kg; 34,01 EUR / colis;30 jour(s)
Crèmerie Œufs Fromages;Yaourt aux fruits danone;DANONE;330050;Frais;Portion de 115 g. Plaque de 8 portions. ;plaque;  2,24 EUR;  2,43 EUR / kg;  0,28 EUR / Portion;7 jour(s)
Crèmerie Œufs Fromages;Yaourt aromatisé panache;DANONE;330051;Frais;Plaque de 460 g. Colis de 4 plaques. Plaque de 4 portions. ;colis;  2,96 EUR;  1,61 EUR / kg;  0,74 EUR / plaque;7 jour(s)
Crèmerie Œufs Fromages;Yaourt nature danone;DANONE;330052;Frais;Portion de 115 g. Plaque de 4 portions. ;plaque;  0,71 EUR;  1,54 EUR / kg;  0,18 EUR / Portion;7 jour(s)
Desserts Glaces;Tarte aux pommes pur beurre. prédécoupée 10 parts;SYMPHONIE PASQUIER;330141;Surgele;Par pièce de 720 g. Colis de 10 pièces. ;pièce;  4,64 EUR;  6,44 EUR / kg; 46,38 EUR / colis;30 jour(s)
Épicerie;Nescafé mokambo tradicion. soluble;NESCAFE;334623;Ambiant;Par poche de 500 g. Colis de 12 poches. ;poche; 29,01 EUR; 58,02 EUR / kg;348,10 EUR / colis;30 jour(s)
Charcuterie Traiteur;Jambon sec supérieur tranché. avec intercalaires vpf;MONTAGNE NOIRE;358515;Frais;Portion de 20 g. Barquette de 25 portions. ;barquette;  8,48 EUR; 16,96 EUR / kg;  0,34 EUR / Portion;7 jour(s)
Pains Viennoiserie Pâtes;Pain de mie complet dim. 12'. x 12 cm - spécial sandwich. longue conservation;HARRYS FOOD SERVICE;359711;Ambiant;Par paquet de 600 g. Colis de 10 paquets. ;paquet;  2,55 EUR;  4,25 EUR / kg; 25,47 EUR / colis;7 jour(s)
Pains Viennoiserie Pâtes;Pain de mie nature 12x12. 14 tranches spécial sandwich. longue conservation;HARRYS FOOD SERVICE;359729;Ambiant;Par paquet de 550 g. Colis de 10 paquets. ;paquet;  2,37 EUR;  4,30 EUR / kg; 23,67 EUR / colis;7 jour(s)
Pâtisserie Biscuiterie Confiserie;Purée de framboise sucrée;LES VERGERS BOIRON;360933;Surgele;Par barquette de 1 kg. Colis de 6 barquettes. ;barquette; 10,52 EUR; 10,52 EUR / kg; 63,12 EUR / colis;30 jour(s)
Charcuterie Traiteur;Jambon sec tranché vpf;MONTAGNE NOIRE;362749;Frais;Portion de 20.833 g. Barquette de 24 portions. ;barquette;  8,39 EUR; 16,78 EUR / kg;  0,35 EUR / Portion;7 jour(s)
Accompagnements Assaisonnement;Oignons rissolés;DUCROS;363119;Ambiant;Par sachet de 1 kg. Colis de 10 sachets. ;sachet;  8,56 EUR;  8,56 EUR / kg; 85,63 EUR / colis;30 jour(s)
Épicerie;Muesli extra chocolat. noisettes;KELLOGG'S;364406;Ambiant;Par paquet de 1.5 kg. Colis de 4 paquets. ;paquet; 19,88 EUR; 13,25 EUR / kg; 79,50 EUR / colis;30 jour(s)
Accompagnements Assaisonnement;Cornichon mi-fin calibre 60/80;MARTIN'S;368563;Ambiant;Par boite de 850 g. Colis de 12 boites. ;boite;  2,00 EUR;  2,35 EUR / kg; 24,00 EUR / colis;30 jour(s)
Épicerie;Thé noir Yellow Label. 100 sachets fraîcheur;LIPTON;370056;Ambiant;Portion de 1.8 g. Boite de 100 portions. ;boite;  9,88 EUR; 54,89 EUR / kg;  0,10 EUR / Portion;30 jour(s)
Fruits et Légumes;Banane p20. catégorie 1;STKFL;394810;Frais;Par pièce de 800 g. ;pièce;  1,83 EUR;  2,28 EUR / kg;;
Accompagnements Assaisonnement;Jus d'agneau Déshydraté 750g. Jusqu'à 30L;KNORR;399246;Ambiant;Par boite de 750 g. Colis de 6 boites. ;boite; 35,17 EUR; 46,89 EUR / kg;211,00 EUR / colis;30 jour(s)
Pains Viennoiserie Pâtes;Pain de mie complet dim. 12'. x 12 cm - spécial sandwich. sans entames;JACQUET;399311;Surgele;Paquet de 1.1 kg. Colis de 5 paquets. ;colis; 24,40 EUR;  4,44 EUR / kg;  4,88 EUR / paquet;30 jour(s)
Crèmerie Œufs Fromages;Brassé végétal au lait de coco. et ananas;ANDROS;400016;Frais;Portion de 100 g. Lot de 4 portions. ;lot;  2,81 EUR;  7,04 EUR / kg;  0,70 EUR / Portion;7 jour(s)
Crèmerie Œufs Fromages;Brassé végétal au lait de coco. et framboise;ANDROS;400017;Frais;Portion de 100 g. Lot de 4 portions. ;lot;  2,89 EUR;  7,22 EUR / kg;  0,72 EUR / Portion;7 jour(s)
Épicerie;Petits fours art déco;TRAITEUR DE PARIS;401034;Surgele;Portion de 11.458 g. Plateau de 48 portions. ;plateau; 34,31 EUR; 62,38 EUR / kg;  0,71 EUR / Portion;30 jour(s)
Épicerie;Pâte à tartiner. noisettes et cacao;BONNE MAMAN;401044;Ambiant;Par pot de 580 g. Colis de 6 pots. ;pot;  6,22 EUR; 10,73 EUR / kg; 37,33 EUR / colis;30 jour(s)
Épicerie;Raisin sec sultanine;HOLYFRUITS;401135;Ambiant;Par sachet de 1 kg. Colis de 10 sachets. ;sachet;  4,45 EUR;  4,45 EUR / kg; 44,49 EUR / colis;30 jour(s)
Charcuterie Traiteur;Jambon de paris spécial. sandwich vpf;MADRANGE;401372;Frais;Portion de 40 g. Sachet de 10 portions. ;sachet;  4,91 EUR; 12,29 EUR / kg;  0,49 EUR / Portion;7 jour(s)
Pains Viennoiserie Pâtes;Miche de sarrasin sans gluten. précuit bio;KOMANDSAL;402621;Surgele;Pièce de 400 g. Colis de 12 pièces. ;colis; 49,40 EUR; 10,29 EUR / kg;  4,12 EUR / pièce;30 jour(s)
Pâtisserie Biscuiterie Confiserie;Farine de pois chiche sans. gluten bio;KOMANDSAL;402627;Ambiant;Par sachet de 1 kg. Colis de 4 sachets. ;sachet;  8,18 EUR;  8,18 EUR / kg; 32,71 EUR / colis;30 jour(s)
Pâtisserie Biscuiterie Confiserie;Farine de pois chiche sans. gluten bio;KOMANDSAL;402628;Ambiant;Par sac de 5 kg. Colis de 3 sacs. ;sac; 36,96 EUR;  7,39 EUR / kg;110,88 EUR / colis;30 jour(s)
Pâtisserie Biscuiterie Confiserie;Farine de riz demi-complet. sans gluten bio;KOMANDSAL;402629;Ambiant;Par sachet de 1 kg. Colis de 4 sachets. ;sachet;  9,14 EUR;  9,14 EUR / kg; 36,58 EUR / colis;30 jour(s)
Pâtisserie Biscuiterie Confiserie;Farine de sarrasin sans gluten. bio;KOMANDSAL;402631;Ambiant;Par sachet de 1 kg. Colis de 4 sachets. ;sachet;  8,03 EUR;  8,03 EUR / kg; 32,14 EUR / colis;30 jour(s)
Pains Viennoiserie Pâtes;Mini pain sarrasin sans gluten. précuit bio;KOMANDSAL;402638;Surgele;Sachet de 90 g. Colis de 25 sachets. Sachet de 2 portions. ;colis; 67,68 EUR; 30,08 EUR / kg;  2,71 EUR / sachet;30 jour(s)
Pains Viennoiserie Pâtes;Grand pochon lalos précuit. sur sole;BRIDOR;402867;Surgele;Portion de 1.1 kg. Colis de 10 portions. ;colis; 42,05 EUR;  3,82 EUR / kg;  4,21 EUR / Portion;30 jour(s)
Desserts Glaces;Cheesecake premium;TRAITEUR DE PARIS;402940;Surgele;Portion de 90 g. Colis de 20 portions. ;colis; 27,76 EUR; 15,42 EUR / kg;  1,39 EUR / Portion;30 jour(s)
Crèmerie Œufs Fromages;Fromage frais 20% m.g,;LA COTENTAISE;403036;Frais;Par seau de 5 kg. ;seau; 11,47 EUR;  2,30 EUR / kg;;7 jour(s)
Épicerie;Macarons les classiques;SYMPHONIE PASQUIER;403879;Surgele;Portion de 12.833 g. Plateau de 72 portions. ;plateau; 26,25 EUR; 28,41 EUR / kg;  0,36 EUR / Portion;30 jour(s)
Accompagnements Assaisonnement;Petits pois très fins;;403889;Surgele;Par sachet de 2.5 kg. Colis de 4 sachets. ;sachet;  4,69 EUR;  1,88 EUR / kg; 18,76 EUR / colis;30 jour(s)
Charcuterie Traiteur;Haché végétarien;GARDEN GOURMET;404148;Surgele;Par sachet de 2 kg. Colis de 3 sachets. ;sachet; 35,19 EUR; 17,60 EUR / kg;105,58 EUR / colis;30 jour(s)
Pains Viennoiserie Pâtes;Pavé muesli lalos précuit;LALOS;404647;Surgele;Portion de 280 g. Colis de 26 portions. ;colis; 49,95 EUR;  6,86 EUR / kg;  1,92 EUR / Portion;30 jour(s)
Charcuterie Traiteur;Foie gras de canard extra. restauration déveiné du sud. ouest IGP;;404706;Surgele;Par pièce de 550 g. Colis de 10 pièces. ;pièce; 26,00 EUR; 47,27 EUR / kg;260,00 EUR / colis;30 jour(s)
Viandes Volailles Gibier;Magret de canard. IGP du sud ouest;PIERRE FOSSAT;405002;Frais;Par poche de 350 g. Colis de 15 poches. ;poche;  6,22 EUR; 17,76 EUR / kg; 93,24 EUR / colis;5 jour(s)
Équipement Hygiène;Sac déchet noir pebd;;405007;Ambiant;Colis de 8 portions. ;colis; 25,31 EUR;;  3,16 EUR / Portion;
Équipement Hygiène;Papier hygiénique 2 plis. blanc t4. rouleau de 200 feuilles;TORK;405076;Ambiant;Colis de 8 paquets. Paquet de 6 portions. ;colis; 21,85 EUR;;  2,73 EUR / paquet;
Pâtisserie Biscuiterie Confiserie;Mars;MARS;405355;Ambiant;Pièce de 51 g. Colis de 40 pièces. ;colis; 35,00 EUR; 17,16 EUR / kg;  0,88 EUR / pièce;30 jour(s)
Crèmerie Œufs Fromages;Beurre micropain doux;PRESIDENT;405704;Frais;Portion de 10 g. Boite de 100 portions. ;boite; 12,16 EUR; 12,16 EUR / kg;  0,12 EUR / Portion;7 jour(s)
Fruits et Légumes;Grenade. catégorie 1;STKFL;407218;Frais;Par barquette de 700 g. ;barquette;  4,21 EUR;  6,02 EUR / kg;;
Fruits et Légumes;Chou blanc. catégorie 1. France;STKFL;407221;Frais;Par sachet de 1.5 kg. ;sachet;  2,06 EUR;  1,38 EUR / kg;;
Boissons;Vittel;VITTEL;407452;Ambiant;Portion de 500 ml. Colis de 24 portions. ;colis; 17,90 EUR;  1,49 EUR / L;  0,75 EUR / Portion;30 jour(s)
Boissons;Eau gazeuse Badoit verte. finement pétillante. pet;BADOIT;407999;Ambiant;Portion de 330 ml. Colis de 30 portions. ;colis; 31,42 EUR;  3,17 EUR / L;  1,05 EUR / Portion;30 jour(s)
Crèmerie Œufs Fromages;Vache qui rit 19.5 % m.g.;BEL;409524;Frais;Portion de 17.5 g. Coffret de 80 portions. ;coffret; 20,54 EUR; 14,67 EUR / kg;  0,26 EUR / Portion;7 jour(s)
Épicerie;Miel de fleurs liquide;LUNE DE MIEL;410104;Ambiant;Portion de 20 g. Colis de 180 portions. ;colis; 29,61 EUR;  8,23 EUR / kg;  0,16 EUR / Portion;30 jour(s)
Accompagnements Assaisonnement;Olive noire confite petite. dénoyautée calibre 40/45;MARTIN'S;410134;Ambiant;Par boite 5/1 de 4.3 kg. Colis de 3 boites 5/1. ;boite 5/1; 11,76 EUR;  2,73 EUR / kg; 35,27 EUR / colis;30 jour(s)
Épicerie;Miel 2 variétés. 36 miel de fleurs. 12 miel d'acacia;LUNE DE MIEL;410525;Ambiant;Portion de 25 g. Présentoir de 48 portions. ;présentoir; 31,31 EUR; 26,09 EUR / kg;  0,65 EUR / Portion;30 jour(s)
Boissons;Cristaline;CRISTALINE;410605;Ambiant;Portion de 500 ml. Colis de 24 portions. ;colis;  4,65 EUR;  0,39 EUR / L;  0,19 EUR / Portion;30 jour(s)
Charcuterie Traiteur;Thon listao en morceaux nature;MARTIN'S;410834;Ambiant;Par boite de 800 g. Colis de 12 boites. ;boite;  5,75 EUR;  7,19 EUR / kg; 69,05 EUR / colis;30 jour(s)
Accompagnements Assaisonnement;Sel gros;CEREBOS;412775;Ambiant;Par seau de 5 kg. ;seau;  4,63 EUR;  0,93 EUR / kg;;
Accompagnements Assaisonnement;Sel fin;CEREBOS;412783;Ambiant;Par seau de 5 kg. ;seau;  4,45 EUR;  0,89 EUR / kg;;
Fruits et Légumes;Potiron muscade. catégorie 1;STKFL;413774;Frais;Par pièce de 3.5 kg. Colis de 3 pièces. ;pièce;  5,39 EUR;  1,54 EUR / kg; 16,16 EUR / colis;
Épicerie;Confiture à la myrtille. au jus de mure;PETITES PARISIENNE;413921;Ambiant;Portion de 28 g. Colis de 80 portions. ;colis; 44,42 EUR; 19,83 EUR / kg;  0,56 EUR / Portion;30 jour(s)
Crèmerie Œufs Fromages;Crème sucrée sous pression. 37 % m.g.;DEBIC;414409;Frais;Par bombe de 700 ml. Colis de 6 bombes. ;bombe;  8,52 EUR; 12,17 EUR / L; 51,13 EUR / colis;7 jour(s)
Épicerie;Confiture 5 parfums assortis. 30 g;ST MAMET;416057;Ambiant;Portion de 30 g. Colis de 120 portions. ;colis;  9,07 EUR;  2,52 EUR / kg;  0,08 EUR / Portion;30 jour(s)
Boissons;Mojito 17°. the fetichist;THE FETICHIST;416884;Ambiant;Par bouteille de 1 litre. Colis de 6 bouteilles. ;bouteille; 24,17 EUR; 24,17 EUR / L;145,02 EUR / colis;
Boissons;Moscow mule 17.9°. the fetichist;THE FETICHIST;416885;Ambiant;Par bouteille de 1 litre. Colis de 6 bouteilles. ;bouteille; 24,17 EUR; 24,17 EUR / L;145,02 EUR / colis;
Boissons;Negroni 25.7°. the fetichist;THE FETICHIST;416886;Ambiant;Par bouteille de 1 litre. Colis de 6 bouteilles. ;bouteille; 33,83 EUR; 33,83 EUR / L;202,98 EUR / colis;
Boissons;Pornstar martini 16.5°. the fetichist;THE FETICHIST;416887;Ambiant;Par bouteille de 1 litre. Colis de 6 bouteilles. ;bouteille; 24,17 EUR; 24,17 EUR / L;145,02 EUR / colis;
Boissons;Sex on the beach. the fetichist;THE FETICHIST;416888;Ambiant;Par bag in box de 5 litre. ;bag in box; 75,00 EUR; 15,00 EUR / L;;
Épicerie;Infusion Verveine 100 sachets. fraicheur;LIPTON;416982;Ambiant;Portion de 1.5 g. Boite de 100 portions. ;boite;  9,29 EUR; 61,93 EUR / kg;  0,09 EUR / Portion;30 jour(s)
Fruits et Légumes;Citron vert. catégorie 1;STKFL;422721;Frais;Par filet de 1 kg. ;filet;  2,99 EUR;  2,99 EUR / kg;;
Fruits et Légumes;Banane moyenne P20. catégorie 1;STKFL;422740;Frais;Portion de 178.571 g. Colis de 28 portions. ;colis;  9,07 EUR;  1,81 EUR / kg;  0,32 EUR / Portion;
Fruits et Légumes;PANais. catégorie 1. France;STKFL;422775;Frais;Par colis de 5 kg. ;colis; 13,92 EUR;  2,78 EUR / kg;;
Fruits et Légumes;Pomelos. catégorie1. 55 fruits;STKFL;422788;Frais;Pièce de 272 g. Colis de 55 pièces. ;colis; 27,12 EUR;  1,81 EUR / kg;  0,49 EUR / pièce;
Fruits et Légumes;Champignon blanc Paris 500 g;STKFL;422882;Frais;Par barquette de 500 g. ;barquette;  2,33 EUR;  4,65 EUR / kg;;
Fruits et Légumes;Kiwi cal 39. catégorie 1;STKFL;422904;Frais;Pièce de 78 g. Colis de 39 pièces. ;colis; 11,08 EUR;  3,64 EUR / kg;  0,28 EUR / pièce;
Pâtisserie Biscuiterie Confiserie;Cigarettes russes;DELACRE;423491;Ambiant;Portion de 7.143 g. Boite de 196 portions. ;boite; 14,22 EUR; 10,16 EUR / kg;  0,07 EUR / Portion;30 jour(s)
Crèmerie Œufs Fromages;Fromage blanc battu au lait. demi écrémé 3.2% m.g.;YOPLAIT;425083;Frais;Par seau de 5 kg. ;seau; 11,08 EUR;  2,22 EUR / kg;;7 jour(s)
Fruits et Légumes;Pomelos. catégorie 1;STKFL;429367;Frais;Par barquette de 1.332 kg. ;barquette;  2,60 EUR;  1,96 EUR / kg;;
Fruits et Légumes;Concombre. catégorie 1;STKFL;429369;Frais;Par barquette de 900 g. ;barquette;  2,15 EUR;  2,39 EUR / kg;;
Fruits et Légumes;Chou fleur. catégorie 1;STKFL;429370;Frais;Par barquette de 1.3 kg. ;barquette;  2,74 EUR;  2,11 EUR / kg;;
Crèmerie Œufs Fromages;Brassé végétal au lait de coco;ANDROS;430311;Frais;Pot de 400 g. Colis de 6 pots. ;colis; 14,38 EUR;  5,99 EUR / kg;  2,40 EUR / pot;7 jour(s)
Crèmerie Œufs Fromages;Yaourt aux fraises 125g;BONNE MAMAN;430313;Frais;Lot de 250 g. Colis de 6 lots. Lot de 2 portions. ;colis; 11,43 EUR;  7,62 EUR / kg;  1,91 EUR / lot;7 jour(s)
Crèmerie Œufs Fromages;Yaourt aux cerises 125g;BONNE MAMAN;430315;Frais;Lot de 250 g. Colis de 6 lots. Lot de 2 portions. ;colis; 11,93 EUR;  7,95 EUR / kg;  1,99 EUR / lot;7 jour(s)
Crèmerie Œufs Fromages;Yaourt aux abricots 125g;BONNE MAMAN;430316;Frais;Lot de 250 g. Colis de 6 lots. Lot de 2 portions. ;colis; 11,43 EUR;  7,62 EUR / kg;  1,91 EUR / lot;7 jour(s)
Viandes Volailles Gibier;Noix entrecôte;BEAUVALLET RESTAURATION;431931;Frais;Portion de 300 g. Poche de 6 portions. ;poche; 49,17 EUR; 27,32 EUR / kg;  8,20 EUR / Portion;5 jour(s)
Viandes Volailles Gibier;Steack haché façon bouchère. 15% matière grasse;BEAUVALLET RESTAURATION;431969;Frais;Portion de 150 g. Colis de 16 portions. ;colis; 31,65 EUR; 13,19 EUR / kg;  1,98 EUR / Portion;3 jour(s)
Crèmerie Œufs Fromages;Yaourt nature bio;DANONE;431982;Frais;Plaque de 460 g. Colis de 12 plaques. Plaque de 4 portions. ;colis; 21,26 EUR;  3,85 EUR / kg;  1,77 EUR / plaque;7 jour(s)
Crèmerie Œufs Fromages;Yaourt aromatisé panaché. citron fraise bio;DANONE;431983;Frais;Plaque de 460 g. Colis de 12 plaques. Plaque de 4 portions. ;colis; 24,10 EUR;  4,37 EUR / kg;  2,01 EUR / plaque;7 jour(s)
Crèmerie Œufs Fromages;Oeuf dur écalé plein air. calibre 43/53;OVOTEAM;432092;Frais;Portion de 36 g. Colis de 40 portions. ;colis; 17,52 EUR; 12,17 EUR / kg;  0,44 EUR / Portion;7 jour(s)
Poissons Coquillages Crustacés;Saumon fumé tranché main. longueur norvège;;432105;Frais;Par pièce de 1.5 kg. ;pièce; 65,39 EUR; 43,59 EUR / kg;;6 jour(s)
Poissons Coquillages Crustacés;Crevette cuite calibre 30/50;;432110;Frais;Par barquette de 2 kg. ;barquette; 21,09 EUR; 10,54 EUR / kg;;4 jour(s)
Poissons Coquillages Crustacés;Filet dorade royale avec peau;;432111;Frais;Portion de 150 g. Barquette de 10 portions. ;barquette; 36,81 EUR; 24,54 EUR / kg;  3,68 EUR / Portion;3 jour(s)
Poissons Coquillages Crustacés;Filet Bar;;432125;Frais;Portion de 150 g. Barquette de 10 portions. ;barquette; 41,36 EUR; 27,57 EUR / kg;  4,14 EUR / Portion;3 jour(s)
Poissons Coquillages Crustacés;Pot crevette grosse saumure;;432144;Frais;Par pot de 900 g. Colis de 6 pots. ;pot; 15,83 EUR; 17,59 EUR / kg; 94,97 EUR / colis;5 jour(s)
Épicerie;Oeuf de lompe noir;;432146;Frais;Par pot de 100 g. Colis de 12 pots. ;pot;  3,11 EUR; 31,09 EUR / kg; 37,31 EUR / colis;15 jour(s)
Crèmerie Œufs Fromages;Oeufs brouillés frais plein. air;OVOTEAM;432214;Frais;Par barquette de 1 kg. Colis de 4 barquettes. ;barquette;  7,73 EUR;  7,73 EUR / kg; 30,93 EUR / colis;7 jour(s)
Crèmerie Œufs Fromages;Oeufs brouillés natures. plein air;OVOTEAM;432241;Frais;Par barquette de 500 g. Colis de 8 barquettes. ;barquette;  4,73 EUR;  9,47 EUR / kg; 37,86 EUR / colis;7 jour(s)
Boissons;Boisson végétale barista alpro. avoine avec gluten;ALPRO;432300;Frais;Bouteille de 1 litre. Colis de 8 bouteilles. ;colis; 21,76 EUR;  2,72 EUR / L;  2,72 EUR / bouteille;7 jour(s)
Poissons Coquillages Crustacés;Dorade royale avec peau asc;;432329;Frais;Portion de 150 g. Barquette de 10 portions. ;barquette; 47,31 EUR; 31,54 EUR / kg;  4,73 EUR / Portion;
Poissons Coquillages Crustacés;Filet bar avec peau asc;;432331;Frais;Portion de 200 g. Barquette de 10 portions. ;barquette; 69,97 EUR; 34,99 EUR / kg;  7,00 EUR / Portion;3 jour(s)
Poissons Coquillages Crustacés;Queue d'écrevisses de. louisiane en saumure;;432341;Frais;Par seau de 900 g. ;seau; 30,67 EUR; 34,08 EUR / kg;;
Viandes Volailles Gibier;Cuisse de lapin nue sans queue;LE GAULOIS PROF;432382;Frais;Pièce de 200 g. Colis de 20 pièces. ;colis; 58,56 EUR; 14,64 EUR / kg;  2,93 EUR / pièce;5 jour(s)
Viandes Volailles Gibier;Escalope de dinde;LE GAULOIS PROF;432386;Frais;Poche de 1.2 kg. Colis de 5 poches. Poche de 10 portions. ;colis; 59,97 EUR; 10,00 EUR / kg; 12,00 EUR / poche;8 jour(s)
Viandes Volailles Gibier;Râble de lapin;LE GAULOIS PROF;432387;Frais;Pièce de 350 g. Colis de 16 pièces. ;colis; 75,23 EUR; 13,43 EUR / kg;  4,70 EUR / pièce;5 jour(s)
Viandes Volailles Gibier;Cuisse de canette;LE GAULOIS PROF;432407;Frais;Pièce de 180 g. Colis de 30 pièces. ;colis; 52,47 EUR;  9,72 EUR / kg;  1,75 EUR / pièce;3 jour(s)
Viandes Volailles Gibier;Rôti filet de dinde non bardé;LE GAULOIS PROF;432413;Frais;Poche de 2 kg. Colis de 2 poches. ;colis; 42,10 EUR; 10,53 EUR / kg; 21,05 EUR / poche;5 jour(s)
Viandes Volailles Gibier;Cuisse de poulet avec dos;LE GAULOIS PROF;432423;Frais;Poche de 2.3 kg. Colis de 3 poches. Poche de 10 portions. ;colis; 29,07 EUR;  4,21 EUR / kg;  9,69 EUR / poche;5 jour(s)
Viandes Volailles Gibier;Emincé haut de cuisse de dinde;LE GAULOIS PROF;432425;Frais;Poche de 2.5 kg. Colis de 4 poches. ;colis; 75,87 EUR;  7,59 EUR / kg; 18,97 EUR / poche;5 jour(s)
Crèmerie Œufs Fromages;Chèvre affinés spécial cuisson. 24% m.g.;RIANS RESTAURATION;432481;Frais;Portion de 20 g. Colis de 24 portions. ;colis; 12,25 EUR; 25,53 EUR / kg;  0,51 EUR / Portion;7 jour(s)
Poissons Coquillages Crustacés;Huitre perles de l'imperatrice. calibre n¯2;;432484;Frais;Portion de 110 g. Bourriche de 50 portions. ;bourriche; 80,59 EUR; 14,65 EUR / kg;  1,61 EUR / Portion;
Épicerie;Oeufs de truite;;432488;Frais;Par pot de 90 g. ;pot; 10,95 EUR;121,66 EUR / kg;;5 jour(s)
Boissons;Cristaline;CRISTALINE;439240;Ambiant;Bouteille de 1.5 litre. Colis de 6 bouteilles. ;colis;  1,51 EUR;  0,17 EUR / L;  0,25 EUR / bouteille;30 jour(s)
Boissons;Eau gazeuse BADOIT verte. finement pétillante. pet;BADOIT;439257;Ambiant;Portion de 500 ml. Colis de 30 portions. ;colis; 34,59 EUR;  2,31 EUR / L;  1,15 EUR / Portion;30 jour(s)
Boissons;Eau minérale evian. rpet;EVIAN;440339;Ambiant;Pack de 3 litre. Colis de 5 packs. Pack de 6 portions. ;colis; 22,04 EUR;  1,47 EUR / L;  4,41 EUR / pack;30 jour(s)
Accompagnements Assaisonnement;Ratatouille aux légumes;BONDUELLE FOOD SERVICE;443564;Surgele;Par sachet de 2.5 kg. Colis de 4 sachets. ;sachet;  7,52 EUR;  3,01 EUR / kg; 30,09 EUR / colis;30 jour(s)
Accompagnements Assaisonnement;Haricots verts extra fins. cuit, minute ce2;BONDUELLE FOOD SERVICE;443572;Surgele;Par sachet de 2.5 kg. Colis de 4 sachets. ;sachet; 10,55 EUR;  4,22 EUR / kg; 42,18 EUR / colis;30 jour(s)
Accompagnements Assaisonnement;Julienne de légumes express;D'AUCY;444000;Surgele;Par sachet de 2.5 kg. Colis de 4 sachets. ;sachet;  6,43 EUR;  2,57 EUR / kg; 25,72 EUR / colis;30 jour(s)
Accompagnements Assaisonnement;Brocolis;BONDUELLE FOOD SERVICE;444091;Surgele;Par sachet de 2.5 kg. Colis de 4 sachets. ;sachet; 10,69 EUR;  4,28 EUR / kg; 42,76 EUR / colis;30 jour(s)
Accompagnements Assaisonnement;Frites 6/6 original. Pommes allumettes préfites;MC CAIN;447086;Surgele;Sachet de 2.5 kg. Colis de 5 sachets. ;colis; 33,54 EUR;  2,68 EUR / kg;  6,71 EUR / sachet;30 jour(s)
Accompagnements Assaisonnement;brunoise legumes express;D'AUCY;447730;Surgele;Par sachet de 2.5 kg. Colis de 4 sachets. ;sachet;  5,48 EUR;  2,19 EUR / kg; 21,91 EUR / colis;30 jour(s)
Épicerie;Miel de fleurs liquide;LUNE DE MIEL;450101;Ambiant;Portion de 20 g. Colis de 120 portions. ;colis; 21,86 EUR;  9,11 EUR / kg;  0,18 EUR / Portion;30 jour(s)
Épicerie;Miel de fleurs liquide;LUNE DE MIEL;450400;Ambiant;Portion de 25 g. Colis de 120 portions. ;colis; 28,24 EUR;  9,41 EUR / kg;  0,24 EUR / Portion;30 jour(s)
Accompagnements Assaisonnement;Jus de veau lié. pour 20 à 40 l;CHEF;456392;Ambiant;Par boite de 1.2 kg. Colis de 6 boites. ;boite; 25,76 EUR; 21,46 EUR / kg;154,54 EUR / colis;30 jour(s)
Charcuterie Traiteur;Escargots de Bourgogne. LR. helix pomatia linne;FDG RESTAURATION;460345;Surgele;Portion de 8.021 g. Sachet de 48 portions. ;sachet; 19,55 EUR; 50,78 EUR / kg;  0,41 EUR / Portion;30 jour(s)
Viandes Volailles Gibier;Noix de joue de boeuf;;460378;Surgele;Par colis de 5 kg. ;colis; 66,34 EUR; 13,27 EUR / kg;;30 jour(s)
Pains Viennoiserie Pâtes;Flûte précuite sur sole;BRIDOR;461194;Surgele;Portion de 70 g. Colis de 55 portions. ;colis; 13,65 EUR;  3,55 EUR / kg;  0,25 EUR / Portion;30 jour(s)
Accompagnements Assaisonnement;Fonds brun lié;CHEF;461574;Ambiant;Par boite de 600 g. Colis de 6 boites. ;boite; 12,18 EUR; 20,31 EUR / kg; 73,10 EUR / colis;30 jour(s)
Épicerie;Thé pur ceylan. non enveloppé;SAGY;465641;Ambiant;Portion de 2 g. Boite de 25 portions. ;boite;  0,66 EUR; 13,16 EUR / kg;  0,03 EUR / Portion;30 jour(s)
Épicerie;Miel de fleurs;LUNE DE MIEL;466102;Ambiant;Par pièce de 500 g. Colis de 12 pièces. ;pièce;  6,02 EUR; 12,04 EUR / kg; 72,26 EUR / colis;30 jour(s)
Desserts Glaces;Tartelette tatin;SYMPHONIE PASQUIER;470336;Surgele;Portion de 120 g. Boite de 10 portions. ;boite; 12,64 EUR; 10,53 EUR / kg;  1,26 EUR / Portion;30 jour(s)
Desserts Glaces;Mini canelé;BONCOLAC;470625;Surgele;Portion de 16 g. Colis de 150 portions. ;colis; 24,52 EUR; 10,22 EUR / kg;  0,16 EUR / Portion;30 jour(s)
Accompagnements Assaisonnement;Vinaigre de vin de Xérès. dop;BORGES;471607;Ambiant;Par bouteille de 1 litre. Colis de 15 bouteilles. ;bouteille;  4,38 EUR;  4,38 EUR / L; 65,76 EUR / colis;30 jour(s)
Épicerie;Miel mille fleurs liquide;EUROMIEL;473868;Ambiant;Par pot de 1 kg. Colis de 6 pots. ;pot;  6,50 EUR;  6,50 EUR / kg; 38,99 EUR / colis;30 jour(s)
Épicerie;Figue moelleuse;MAITRE PRUNILLE;474221;Ambiant;Par sachet de 1 kg. Colis de 8 sachets. ;sachet; 12,99 EUR; 12,99 EUR / kg;103,90 EUR / colis;30 jour(s)
Accompagnements Assaisonnement;Mise en place primerba pesto. rouge;KNORR;474437;Ambiant;Par bocal de 340 g. Colis de 2 bocaux. ;bocal; 15,27 EUR; 44,90 EUR / kg; 30,53 EUR / colis;30 jour(s)
Crèmerie Œufs Fromages;Beurre doux 82 % m.g.. Flechard;FLECHARD;475871;Frais;Par motte de 10 kg. ;motte; 95,37 EUR;  9,54 EUR / kg;;7 jour(s)
Crèmerie Œufs Fromages;Emmental 29 % m.g.;LA VIE DE CHATEAU;476481;Frais;Portion de 30 g. Colis de 100 portions. ;colis; 35,07 EUR; 11,69 EUR / kg;  0,35 EUR / Portion;7 jour(s)
Viandes Volailles Gibier;Côte de boeuf dévertébrée;BEAUVALLET RESTAURATION;479709;Frais;Portion de 450 g. Sachet de 4 portions. ;sachet; 38,05 EUR; 21,14 EUR / kg;  9,51 EUR / Portion;7 jour(s)
Viandes Volailles Gibier;Faux filet;BEAUVALLET RESTAURATION;479790;Frais;Portion de 180 g. Sachet de 10 portions. ;sachet; 38,05 EUR; 21,14 EUR / kg;  3,80 EUR / Portion;7 jour(s)
Viandes Volailles Gibier;Pavé coeur de rumsteak;BEAUVALLET RESTAURATION;479915;Frais;Portion de 180 g. Sachet de 10 portions. ;sachet; 37,31 EUR; 20,73 EUR / kg;  3,73 EUR / Portion;7 jour(s)
Viandes Volailles Gibier;Onglet de boeuf ouvert;BEAUVALLET RESTAURATION;479956;Frais;Portion de 160 g. Sachet de 10 portions. ;sachet; 34,81 EUR; 21,76 EUR / kg;  3,48 EUR / Portion;7 jour(s)
Viandes Volailles Gibier;Steak hampe de boeuf 160g;BEAUVALLET RESTAURATION;480095;Frais;Portion de 160 g. Sachet de 10 portions. ;sachet; 30,87 EUR; 19,29 EUR / kg;  3,09 EUR / Portion;7 jour(s)
Viandes Volailles Gibier;Filet mignon de veau V;BEAUVALLET RESTAURATION;480228;Frais;Par pièce de 1.1 kg. ;pièce; 30,91 EUR; 28,10 EUR / kg;;7 jour(s)
Viandes Volailles Gibier;Sauté de veau V épaule/ bas. carré self frais ou décongelé;PRIMBEEF;480327;Frais;Par sachet de 2 kg. ;sachet; 31,80 EUR; 15,90 EUR / kg;;7 jour(s)
Viandes Volailles Gibier;Escalope noix de veau V;BEAUVALLET RESTAURATION;480368;Frais;Portion de 160 g. Sachet de 10 portions. ;sachet; 43,05 EUR; 26,91 EUR / kg;  4,31 EUR / Portion;7 jour(s)
Viandes Volailles Gibier;Carré d'agneau 13 côtes;BEAUVALLET RESTAURATION;480541;Frais;Par pièce de 1.3 kg. ;pièce; 34,18 EUR; 26,30 EUR / kg;;7 jour(s)
Viandes Volailles Gibier;Souris d'agneau frais ou. décongelée;BEAUVALLET RESTAURATION;480657;Frais;Portion de 400 g. Poche de 3 portions. ;poche; 20,50 EUR; 17,08 EUR / kg;  6,83 EUR / Portion;7 jour(s)
Viandes Volailles Gibier;Navarin épaule d'agneau. sans os;BEAUVALLET RESTAURATION;480665;Frais;Par sachet de 2 kg. ;sachet; 38,28 EUR; 19,14 EUR / kg;;7 jour(s)
Viandes Volailles Gibier;Carré de porc 10 côtes. dévertébrées;BEAUVALLET RESTAURATION;480772;Frais;Par pièce de 3 kg. ;pièce; 29,85 EUR;  9,95 EUR / kg;;7 jour(s)
Viandes Volailles Gibier;Rôti d'échine de porc;BEAUVALLET RESTAURATION;480814;Frais;Par pièce de 2 kg. ;pièce; 18,02 EUR;  9,01 EUR / kg;;7 jour(s)
Viandes Volailles Gibier;Sauté d'épaule de porc;PRIMBEEF;480848;Frais;Par sachet de 2 kg. ;sachet; 16,22 EUR;  8,11 EUR / kg;;7 jour(s)
Viandes Volailles Gibier;Emincé de porc;PRIMBEEF;480913;Frais;Par sachet de 2 kg. ;sachet; 19,96 EUR;  9,98 EUR / kg;;7 jour(s)
Boissons;Eau minérale evian. pet;EVIAN;484410;Ambiant;Bouteille de 1.5 litre. Colis de 6 bouteilles. ;colis;  8,07 EUR;  0,90 EUR / L;  1,35 EUR / bouteille;30 jour(s)
Charcuterie Traiteur;Mortadelle pur porc trancheé. tranche de 10 g;LES TREFINES;484519;Frais;Portion de 10 g. Barquette de 50 portions. ;barquette;  4,31 EUR;  8,62 EUR / kg;  0,09 EUR / Portion;7 jour(s)
Fruits et Légumes;Raisin red globe. catégorie 1;STKFL;485237;Frais;Par colis de 5 kg. ;colis; 13,58 EUR;  2,72 EUR / kg;;
Crèmerie Œufs Fromages;Lait entier. coupelle de 9.7 ml;LACTEL;485409;Frais;Portion de 10 g. Colis de 240 portions. ;colis;  9,53 EUR;  3,97 EUR / kg;  0,04 EUR / Portion;7 jour(s)
Boissons;Perrier;PERRIER;487652;Ambiant;Bouteille de 1 litre. Colis de 12 bouteilles. ;colis; 17,18 EUR;  1,43 EUR / L;  1,43 EUR / bouteille;30 jour(s)
Boissons;Limonade blanche Steff;STEFF;488270;Ambiant;Bouteille de 1.5 litre. Colis de 6 bouteilles. ;colis;  2,97 EUR;  0,33 EUR / L;  0,50 EUR / bouteille;30 jour(s)
Viandes Volailles Gibier;Steak hachéVBF. sélection du boucher 15%mg. forme ronde;CHARAL;488429;Surgele;Portion de 150 g. Colis de 40 portions. ;colis; 85,80 EUR; 14,30 EUR / kg;  2,15 EUR / Portion;30 jour(s)
Charcuterie Traiteur;Truite fumée. décongelée;MOULIN DU CAOULEY;492041;Frais;Plaque de 400 g. Colis de 6 plaques. ;colis; 72,08 EUR; 30,03 EUR / kg; 12,01 EUR / plaque;7 jour(s)
Crèmerie Œufs Fromages;Beurre micro pain demi sel;PAYSAN BRETON;494294;Frais;Portion de 10 g. Boite de 100 portions. ;boite; 10,40 EUR; 10,40 EUR / kg;  0,10 EUR / Portion;7 jour(s)
Crèmerie Œufs Fromages;Beurre micropain doux;PAYSAN BRETON;494302;Frais;Portion de 10 g. Boite de 100 portions. ;boite; 10,40 EUR; 10,40 EUR / kg;  0,10 EUR / Portion;7 jour(s)
Crèmerie Œufs Fromages;Lait demi écrémé uht;LAIT D'ICI;495176;Frais;Brick de 1 litre. Colis de 6 bricks. ;colis;  5,79 EUR;  0,97 EUR / L;  0,97 EUR / brick;7 jour(s)
Épicerie;Confiture fraises;BONNE MAMAN;499991;Ambiant;Pot de 750 g. Colis de 6 pots. ;colis; 32,91 EUR;  7,31 EUR / kg;  5,49 EUR / pot;30 jour(s)
Épicerie;Confiture abricots;BONNE MAMAN;499992;Ambiant;Pot de 750 g. Colis de 6 pots. ;colis; 28,03 EUR;  6,23 EUR / kg;  4,67 EUR / pot;30 jour(s)
Équipement Hygiène;Mouchoir blanc 2 plis. tork. boite de 100;TORK;501834;Ambiant;Colis de 30 boites. ;colis; 38,10 EUR;;  1,27 EUR / boite;
Pâtisserie Biscuiterie Confiserie;Mon cake marbrée. cacao;KER CADELAC;502379;Ambiant;Pièce de 500 g. Colis de 12 pièces. ;colis; 39,58 EUR;  6,60 EUR / kg;  3,30 EUR / pièce;7 jour(s)
Épicerie;Thé english breakfast bio;PUKKA;507683;Ambiant;Boite de 50 g. Colis de 4 boites. Boite de 20 portions. ;colis; 19,82 EUR; 99,10 EUR / kg;  4,96 EUR / boite;30 jour(s)
Poissons Coquillages Crustacés;Filet de saumon avec peau sans. aretes. sous-vide;;509688;Ex.null;Pièce de 1.667 kg. Colis de 8 pièces. ;colis;193,66 EUR; 14,52 EUR / kg; 24,21 EUR / pièce;3 jour(s)
Équipement Hygiène;Sel adoucisseur eau. sac de 25 kg;AXAL PRO;526624;Ambiant;Par sac de 25 kg. ;sac;  9,42 EUR;  0,38 EUR / kg;;
Épicerie;Chocos pétales de blé au. chocolat;KELLOGG'S;531155;Ambiant;Par boite de 580 g. Colis de 16 boites. ;boite;  5,69 EUR;  9,80 EUR / kg; 90,98 EUR / colis;30 jour(s)
Épicerie;Citron déshyraté en rondelle. the fetichist;BAR SOLUTIONS;531529;Ambiant;Par barquette de 290 g. Colis de 20 barquettes. ;barquette; 22,50 EUR; 77,59 EUR / kg;450,00 EUR / colis;30 jour(s)
Épicerie;Citron vert déshydraté en. rondelle the fetichist;BAR SOLUTIONS;531530;Ambiant;Par barquette de 300 g. Colis de 17 barquettes. ;barquette; 30,00 EUR;100,00 EUR / kg;510,00 EUR / colis;30 jour(s)
Épicerie;Orange déshydratée en rondelle. the fetichist;BAR SOLUTIONS;531531;Ambiant;Par barquette de 280 g. Colis de 17 barquettes. ;barquette; 18,95 EUR; 67,68 EUR / kg;322,15 EUR / colis;30 jour(s)
Viandes Volailles Gibier;Nuggets de poulet pané 30%. halal;;539547;Surgele;Par sachet de 1 kg. Colis de 5 sachets. ;sachet;  5,66 EUR;  5,66 EUR / kg; 28,28 EUR / colis;30 jour(s)
Équipement Hygiène;Calot Papier Extra Blanc. perfore. boite de 100;JET;544718;Ambiant;Boite de 100 portions. ;boite;  4,81 EUR;;  0,05 EUR / Portion;
Équipement Hygiène;Papier toilette blanc. 2 plis. paquet de 252 formats;TORK;552349;Ambiant;Colis de 30 portions. ;colis; 25,39 EUR;;  0,85 EUR / Portion;
Crèmerie Œufs Fromages;Maroilles 26 % m.g. aop;JEAN MABUSE;556608;Frais;Par pièce de 720 g. Colis de 12 pièces. ;pièce; 10,48 EUR; 14,56 EUR / kg;125,76 EUR / colis;7 jour(s)
Fruits et Légumes;"Poivron rouge GG ""pp"". catégorie 1";STKFL;559685;Frais;Par colis de 5 kg. ;colis;  9,77 EUR;  1,95 EUR / kg;;
Équipement Hygiène;Desodorisant citron. aerosol de 750 ml. -;PUCK;583393;Ambiant;Par bombe de 750 ml. Colis de 12 bombes. ;bombe;  3,75 EUR;  5,01 EUR / L; 45,05 EUR / colis;
Viandes Volailles Gibier;Confit de canard 12 cuisses;SARRADE;593213;Ambiant;Par boite de 3.825 kg. Colis de 3 boites. ;boite; 47,33 EUR; 12,37 EUR / kg;141,98 EUR / colis;30 jour(s)
Desserts Glaces;Compotée de pêches;BONNE MAMAN;610610;Ambiant;Pot de 590 g. Colis de 6 pots. ;colis; 21,35 EUR;  6,03 EUR / kg;  3,56 EUR / pot;30 jour(s)
Poissons Coquillages Crustacés;Filet d'espadon;;613969;Frais;Par colis de 3 kg. ;colis; 72,85 EUR; 24,28 EUR / kg;;4 jour(s)
Poissons Coquillages Crustacés;Salicorne;;613978;Frais;Par colis de 1 kg. ;colis; 14,24 EUR; 14,24 EUR / kg;;5 jour(s)
Viandes Volailles Gibier;Filet de poulet pané cuit. piéce de 110 g;MAITRE COQ PRO;616650;Surgele;Portion de 2.5 kg. Colis de 2 portions. ;colis; 56,87 EUR; 11,37 EUR / kg; 28,43 EUR / Portion;30 jour(s)
Crèmerie Œufs Fromages;oeuf entier liquide;OVOTEAM;618694;Frais;Par bidon de 2 kg. Colis de 6 bidons. ;bidon; 10,36 EUR;  5,18 EUR / kg; 62,18 EUR / colis;7 jour(s)
Poissons Coquillages Crustacés;Longe de thon albacore. décongelé msc;;618770;Frais;Par pièce de 2.75 kg. ;pièce; 81,60 EUR; 29,67 EUR / kg;;3 jour(s)
Crèmerie Œufs Fromages;Roquefort mini dés 31 % m.g.. aop;SOCIETE PROFESSIONNEL;619510;Frais;Par barquette de 500 g. Colis de 8 barquettes. ;barquette; 11,97 EUR; 23,94 EUR / kg; 95,75 EUR / colis;7 jour(s)
Charcuterie Traiteur;Confit canard purée pomme de. terre et persillade champignon;LA CANTINE DES CHEFS;623325;Frais;Bocal de 330 g. Colis de 7 bocaux. ;colis; 48,17 EUR; 20,85 EUR / kg;  6,88 EUR / bocal;7 jour(s)
Charcuterie Traiteur;Boulgour végétarien houmous. lentille corail petit légume. croquant;LA CANTINE DES CHEFS;623326;Frais;Bocal de 330 g. Colis de 7 bocaux. ;colis; 48,17 EUR; 20,85 EUR / kg;  6,88 EUR / bocal;15 jour(s)
Charcuterie Traiteur;Filet de poulet mariné pâtes. aux légumes et pesto basilic;LA CANTINE DES CHEFS;623328;Frais;Bocal de 330 g. Colis de 7 bocaux. ;colis; 48,17 EUR; 20,85 EUR / kg;  6,88 EUR / bocal;15 jour(s)
Charcuterie Traiteur;Joue de boeuf confite moutarde. purée pomme de terre;LA CANTINE DES CHEFS;623329;Frais;Bocal de 330 g. Colis de 7 bocaux. ;colis; 48,17 EUR; 20,85 EUR / kg;  6,88 EUR / bocal;15 jour(s)
Charcuterie Traiteur;Pate légume et pesto basilic;LA CANTINE DES CHEFS;623330;Frais;Bocal de 330 g. Colis de 7 bocaux. ;colis; 48,17 EUR; 20,85 EUR / kg;  6,88 EUR / bocal;7 jour(s)
Viandes Volailles Gibier;Jarret arrière d'agneau;;623679;Surgele;Par colis de 8 kg. ;colis;132,30 EUR; 16,54 EUR / kg;;30 jour(s)
Charcuterie Traiteur;Escalope de foie gras canard. igp Sud Ouest;;623820;Surgele;Par poche de 1 kg. Colis de 5 poches. ;poche; 48,00 EUR; 48,00 EUR / kg;240,00 EUR / colis;30 jour(s)
Charcuterie Traiteur;Foie gras de canard deveiné. igp sud ouest;;623821;Surgele;Portion de 187.5 g. Poche de 16 portions. ;poche;148,50 EUR; 49,50 EUR / kg;  9,28 EUR / Portion;30 jour(s)
Desserts Glaces;Compotée pomme banane coco et. sirop d'érable;LA CANTINE DES CHEFS;624030;Frais;Bocal de 140 g. Colis de 11 bocaux. ;colis; 37,84 EUR; 24,57 EUR / kg;  3,44 EUR / bocal;15 jour(s)
Desserts Glaces;Crème onctueuse aux oeufs. vanillée;LA CANTINE DES CHEFS;624031;Frais;Bocal de 140 g. Colis de 11 bocaux. ;colis; 37,84 EUR; 24,57 EUR / kg;  3,44 EUR / bocal;15 jour(s)
Charcuterie Traiteur;Filet d'eglefin mariné,. risotto au parmesan et crème. de poivron anisé;LA CANTINE DES CHEFS;624033;Frais;Bocal de 330 g. Colis de 7 bocaux. ;colis; 48,17 EUR; 20,85 EUR / kg;  6,88 EUR / bocal;15 jour(s)
Charcuterie Traiteur;Macaroni bolo et concassé de. tomate;LA CANTINE DES CHEFS;624040;Frais;Bocal de 330 g. Colis de 7 bocaux. ;colis; 48,17 EUR; 20,85 EUR / kg;  6,88 EUR / bocal;15 jour(s)
Desserts Glaces;Moelleux chocolat et praliné;LA CANTINE DES CHEFS;624042;Frais;Bocal de 100 g. Colis de 11 bocaux. ;colis; 36,92 EUR; 33,56 EUR / kg;  3,36 EUR / bocal;15 jour(s)
Charcuterie Traiteur;Pâtes à la crème de fromage,. lardons et champignons;LA CANTINE DES CHEFS;624043;Frais;Bocal de 330 g. Colis de 7 bocaux. ;colis; 48,17 EUR; 20,85 EUR / kg;  6,88 EUR / bocal;15 jour(s)
Charcuterie Traiteur;Pulled pork gnocchis de pomme. de terre sauce bbq poivron;LA CANTINE DES CHEFS;624044;Frais;Bocal de 330 g. Colis de 7 bocaux. ;colis; 48,17 EUR; 20,85 EUR / kg;  6,88 EUR / bocal;15 jour(s)
Charcuterie Traiteur;Saucisse aux lentilles;LA CANTINE DES CHEFS;624045;Frais;Bocal de 330 g. Colis de 7 bocaux. ;colis; 48,17 EUR; 20,85 EUR / kg;  6,88 EUR / bocal;15 jour(s)
Charcuterie Traiteur;Filet de poulet mariné curry. risotto crémeux au parmesan. et champignons persillés;LA CANTINE DES CHEFS;624048;Frais;Bocal de 330 g. Colis de 7 bocaux. ;colis; 48,17 EUR; 20,85 EUR / kg;  6,88 EUR / bocal;15 jour(s)
Fruits et Légumes;Poireau. catégorie 2. France;STKFL;624311;Frais;Par colis de 5 kg. ;colis;  9,07 EUR;  1,81 EUR / kg;;
Charcuterie Traiteur;Carpaccio tranché iqf;AMURAL;624841;Surgele;Portion de 80 g. Colis de 30 portions. ;colis; 63,41 EUR; 26,42 EUR / kg;  2,11 EUR / Portion;30 jour(s)
Viandes Volailles Gibier;Rôti de veau épaule bas. carré self avec barde frais ou. décongelé;PRIMBEEF;625194;Frais;Par pièce de 2 kg. ;pièce; 31,59 EUR; 15,80 EUR / kg;;7 jour(s)
Viandes Volailles Gibier;Epaule de veau,. désossé, s/vide;BEAUVALLET NEGOCE;628578;Frais;Par pièce de 8 kg. ;pièce;133,16 EUR; 16,65 EUR / kg;;7 jour(s)
Crèmerie Œufs Fromages;Gorgonzola 1/8 de meule aop. 48 % m.g.;BARUFFALDI;629949;Frais;Par pièce de 1.5 kg. Colis de 4 pièces. ;pièce; 17,25 EUR; 11,50 EUR / kg; 68,99 EUR / colis;7 jour(s)
Pains Viennoiserie Pâtes;Pain de mie nature. dimension 10x10cm-24 tranches. longue conservation;HARRYS FOOD SERVICE;631291;Ambiant;Par paquet de 500 g. Colis de 8 paquets. ;paquet;  1,92 EUR;  3,84 EUR / kg; 15,35 EUR / colis;7 jour(s)
Épicerie;Infusion tilleul boîte 25. sachets fraicheur;LIPTON;635631;Ambiant;Portion de 1.6 g. Boite de 25 portions. ;boite;  4,10 EUR;102,43 EUR / kg;  0,16 EUR / Portion;30 jour(s)
Épicerie;Thé Yellow Label 25 sachets. fraicheur;LIPTON;635946;Ambiant;Portion de 1.8 g. Boite de 25 portions. ;boite;  2,88 EUR; 63,91 EUR / kg;  0,12 EUR / Portion;30 jour(s)
Crèmerie Œufs Fromages;Parmigiano reggiano aop rubans. 32 % m.g.;AMBROSI;638890;Frais;Par sachet de 500 g. Colis de 6 sachets. ;sachet; 12,02 EUR; 24,03 EUR / kg; 72,09 EUR / colis;7 jour(s)
Charcuterie Traiteur;Jambon de dinde tranché. halal;BERNI;639658;Frais;Portion de 25 g. Barquette de 20 portions. ;barquette;  5,45 EUR; 10,89 EUR / kg;  0,27 EUR / Portion;7 jour(s)
Crèmerie Œufs Fromages;Préparation panna cotta;GALBANI PRO;640268;Frais;Par brick de 1 litre. Colis de 6 bricks. ;brick;  6,23 EUR;  6,23 EUR / L; 37,35 EUR / colis;7 jour(s)
Épicerie;Thé noir English Breakfast. Feel Good selection;LIPTON;640839;Ambiant;Portion de 2 g. Boite de 25 portions. ;boite;  3,12 EUR; 62,44 EUR / kg;  0,12 EUR / Portion;30 jour(s)
Épicerie;Thé fruits rouges;LIPTON;640847;Ambiant;Portion de 1.6 g. Boite de 25 portions. ;boite;  3,43 EUR; 85,70 EUR / kg;  0,14 EUR / Portion;30 jour(s)
Épicerie;Thé vert menthe 25 sachets. fraicheur;LIPTON;641100;Ambiant;Portion de 1.6 g. Boite de 25 portions. ;boite;  3,42 EUR; 85,38 EUR / kg;  0,14 EUR / Portion;30 jour(s)
Épicerie;Thé noir Earl Grey;LIPTON;641118;Ambiant;Portion de 2 g. Boite de 25 portions. ;boite;  3,42 EUR; 68,30 EUR / kg;  0,14 EUR / Portion;30 jour(s)
Épicerie;Thé noir citron 25 sachets. fraicheur;LIPTON;641126;Ambiant;Portion de 1.6 g. Boite de 25 portions. ;boite;  3,43 EUR; 85,70 EUR / kg;  0,14 EUR / Portion;30 jour(s)
Épicerie;Belin Assortiment tradition. apéritif salé;BELIN;641357;Ambiant;Par boite de 720 g. Colis de 4 boites. ;boite; 13,03 EUR; 18,10 EUR / kg; 52,13 EUR / colis;30 jour(s)
Boissons;Mai tai cocktail. the fetichist;THE FETICHIST;641739;Ambiant;Par bag in box de 5 litre. ;bag in box; 75,00 EUR; 15,00 EUR / L;;
Charcuterie Traiteur;Jambon de Paris dd. plateau décalé;MADRANGE;642058;Frais;Portion de 40 g. Barquette de 20 portions. ;barquette; 11,06 EUR; 13,82 EUR / kg;  0,55 EUR / Portion;7 jour(s)
Équipement Hygiène;NEW YORK GOBELET FB 25CL;IN SITU;643712;Ambiant;Colis de 24 pièces. ;colis; 55,39 EUR;;  2,31 EUR / pièce;
Pains Viennoiserie Pâtes;Mini pain au chocolat beurre. aop Charentes-Poitou prõt Á. cuire recette Lenôtre;LENOTRE;644484;Surgele;Portion de 35 g. Colis de 210 portions. ;colis; 76,50 EUR; 10,41 EUR / kg;  0,36 EUR / Portion;30 jour(s)
Pains Viennoiserie Pâtes;Mini croissant au beurre aop. Charentes-Poitou prõt à cuire. recette Lenôtre;LENOTRE;644492;Surgele;Portion de 30 g. Colis de 195 portions. ;colis; 59,41 EUR; 10,16 EUR / kg;  0,30 EUR / Portion;30 jour(s)
Fruits et Légumes;Navet 60/80. catégorie 2. France;STKFL;647447;Frais;Par colis de 5 kg. ;colis;  8,38 EUR;  1,68 EUR / kg;;
Crèmerie Œufs Fromages;Lait en poudre demi écrémé;NESTLE;648204;Ambiant;Par poche de 500 g. Colis de 10 poches. ;poche;  6,73 EUR; 13,46 EUR / kg; 67,28 EUR / colis;30 jour(s)
Épicerie;Thé vert orient. Feel Good Selection;LIPTON;648246;Ambiant;Portion de 1.32 g. Boite de 25 portions. ;boite;  3,42 EUR;103,49 EUR / kg;  0,14 EUR / Portion;30 jour(s)
Pains Viennoiserie Pâtes;Pain de mie. cereales - dimension 12x12cm. longue conservation;HARRYS FOOD SERVICE;648766;Ambiant;Par paquet de 550 g. Colis de 10 paquets. ;paquet;  3,15 EUR;  5,72 EUR / kg; 31,46 EUR / colis;7 jour(s)
Accompagnements Assaisonnement;Oignon émincé;BONDUELLE FOOD SERVICE;648949;Surgele;Par sachet de 2.5 kg. Colis de 4 sachets. ;sachet;  8,03 EUR;  3,21 EUR / kg; 32,11 EUR / colis;30 jour(s)
Charcuterie Traiteur;Salami Danois tranché;BERNI;651828;Frais;Portion de 10 g. Barquette de 50 portions. ;barquette;  4,31 EUR;  8,62 EUR / kg;  0,09 EUR / Portion;7 jour(s)
Crèmerie Œufs Fromages;Tomme pasteurisé grise 25 %. m.g. au lait de montagne;LIVRADOIS;653196;Frais;Par pièce de 1.9 kg. Colis de 4 pièces. ;pièce; 17,23 EUR;  9,07 EUR / kg; 68,92 EUR / colis;7 jour(s)
Crèmerie Œufs Fromages;oeufs pochés calibre 43/53;OVOTEAM;653576;Frais;Portion de 48.8 g. Seau de 75 portions. ;seau; 45,37 EUR; 12,40 EUR / kg;  0,60 EUR / Portion;7 jour(s)
Crèmerie Œufs Fromages;Feta à la grecque au lait de. brebis 19 % m.g aop;HOTOS;653667;Frais;Par pain de 1 kg. Colis de 6 pains. ;pain; 17,99 EUR; 17,99 EUR / kg;107,92 EUR / colis;7 jour(s)
Épicerie;Café filtre dose collectivité. 50% arabica 50% robusta;MIKO;653972;Ambiant;Portion de 65 g. Colis de 48 portions. ;colis; 66,04 EUR; 21,17 EUR / kg;  1,38 EUR / Portion;30 jour(s)
Fruits et Légumes;Feuille chêne verte. catégorie 1. France;STKFL;657495;Frais;Pièce de 300 g. Colis de 6 pièces. ;colis;  6,80 EUR;  3,78 EUR / kg;  1,13 EUR / pièce;
Viandes Volailles Gibier;Paleron de veau;BEAUVALLET RESTAURATION;658583;Frais;Par poche de 1.1 kg. ;poche; 21,67 EUR; 19,70 EUR / kg;;7 jour(s)
Viandes Volailles Gibier;Tendron de veau V frais ou. décongelé;BEAUVALLET RESTAURATION;658609;Frais;Portion de 230 g. Colis de 5 portions. ;colis; 19,79 EUR; 17,21 EUR / kg;  3,96 EUR / Portion;7 jour(s)
Crèmerie Œufs Fromages;Beurre doux lingot;FLECHARD;664987;Frais;Pain de 1 kg. Colis de 10 pains. ;colis;117,20 EUR; 11,72 EUR / kg; 11,72 EUR / pain;7 jour(s)
Pains Viennoiserie Pâtes;Pain multicéréales. précuit sur sole;BRIDOR;665372;Surgele;Portion de 45 g. Colis de 60 portions. ;colis; 15,92 EUR;  5,90 EUR / kg;  0,27 EUR / Portion;30 jour(s)
Pains Viennoiserie Pâtes;Pain finedor précuit sur sole;LENOTRE;665380;Surgele;Portion de 45 g. Colis de 50 portions. ;colis; 13,75 EUR;  6,11 EUR / kg;  0,27 EUR / Portion;30 jour(s)
Pains Viennoiserie Pâtes;Pain aux fruits. précuit sur sole;BRIDOR;665406;Surgele;Portion de 180 g. Colis de 20 portions. ;colis; 33,34 EUR;  9,26 EUR / kg;  1,67 EUR / Portion;30 jour(s)
Accompagnements Assaisonnement;Crème de balsamique de Modène. igp;BORGES;668087;Ambiant;Par bouteille de 400 ml. Colis de 6 bouteilles. ;bouteille;  6,09 EUR; 15,23 EUR / L; 36,55 EUR / colis;30 jour(s)
Accompagnements Assaisonnement;Frite fry'n'dip;MC CAIN;669341;Surgele;Sachet de 2.5 kg. Colis de 5 sachets. ;colis; 32,64 EUR;  2,61 EUR / kg;  6,53 EUR / sachet;30 jour(s)
Viandes Volailles Gibier;Aile de poulet tex mex. halal;PERE DODU;669671;Surgele;Par colis de 5 kg. ;colis; 31,68 EUR;  6,34 EUR / kg;;30 jour(s)
Desserts Glaces;Compote de pommes allégée. en sucres hve;ST MAMET;674580;Ambiant;Portion de 100 g. Colis de 120 portions. ;colis; 19,23 EUR;  1,60 EUR / kg;  0,16 EUR / Portion;30 jour(s)
Épicerie;Abricots moelleux n°4. standard;MAITRE PRUNILLE;676965;Ambiant;Par sachet de 1 kg. Colis de 8 sachets. ;sachet; 11,31 EUR; 11,31 EUR / kg; 90,46 EUR / colis;30 jour(s)
Accompagnements Assaisonnement;Cornichon extra fin;MARTIN'S;677120;Ambiant;Bocal de 360 g. Colis de 12 bocaux. ;colis; 20,64 EUR;  4,78 EUR / kg;  1,72 EUR / bocal;30 jour(s)
Pains Viennoiserie Pâtes;Pain de mie sans croûte. dimension 12 x 12 cm. longue conservation;HARRYS FOOD SERVICE;679027;Ambiant;Par sachet de 500 g. Colis de 10 sachets. ;sachet;  3,25 EUR;  6,49 EUR / kg; 32,45 EUR / colis;7 jour(s)
Fruits et Légumes;Echalote longue. catégorie 1. France;STKFL;679655;Frais;Par filet de 1 kg. ;filet;  2,30 EUR;  2,30 EUR / kg;;
Accompagnements Assaisonnement;Baked beans;HEINZ;680686;Ambiant;Par boite de 2.62 kg. Colis de 6 boites. ;boite;  8,89 EUR;  3,39 EUR / kg; 53,35 EUR / colis;30 jour(s)
Viandes Volailles Gibier;Sauté de dinde sans os, sans. peau;LE GAULOIS PROF;682039;Frais;Poche de 2.5 kg. Colis de 2 poches. ;colis; 37,93 EUR;  7,59 EUR / kg; 18,97 EUR / poche;7 jour(s)
Épicerie;Infusion verveine Feel Good. sélection;LIPTON;699737;Ambiant;Portion de 1.48 g. Boite de 25 portions. ;boite;  3,55 EUR; 96,05 EUR / kg;  0,14 EUR / Portion;30 jour(s)
Viandes Volailles Gibier;Filet de poulet halal;;716069;Frais;Par barquette de 2.5 kg. Colis de 4 barquettes. ;barquette; 21,58 EUR;  8,63 EUR / kg; 86,31 EUR / colis;3 jour(s)
Poissons Coquillages Crustacés;Sole;;716326;Frais;Par pièce de 450 g. ;pièce; 24,39 EUR; 54,20 EUR / kg;;
Poissons Coquillages Crustacés;Sole;;716327;Frais;Par pièce de 550 g. ;pièce; 30,49 EUR; 55,43 EUR / kg;;
Fruits et Légumes;Tomate grappe. catégorie 1;STKFL;724114;Frais;Par colis de 5 kg. ;colis;  8,73 EUR;  1,75 EUR / kg;;
Poissons Coquillages Crustacés;Saumon fumé norvège tranché. machine;;741406;Frais;Par plaque de 1 kg. Colis de 10 plaques. ;plaque; 26,29 EUR; 26,29 EUR / kg;262,90 EUR / colis;3 jour(s)
Fruits et Légumes;Feuille chêne rouge. catégorie 1. France;STKFL;742698;Frais;Pièce de 300 g. Colis de 6 pièces. ;colis;  6,80 EUR;  3,78 EUR / kg;  1,13 EUR / pièce;
Fruits et Légumes;Batavia. catégorie 1. France;STKFL;742701;Frais;Pièce de 300 g. Colis de 6 pièces. ;colis;  6,80 EUR;  3,78 EUR / kg;  1,13 EUR / pièce;
Fruits et Légumes;OIGNON ROUGE 60/80. CATEGORIE 1. FRANCE;STKFL;767373;Frais;Par filet de 1 kg. Colis de 100 filets. ;filet;  1,45 EUR;  1,45 EUR / kg;145,40 EUR / colis;
Fruits et Légumes;Oignon jaune 60/80. catégorie 1. France;STKFL;767377;Frais;Par filet de 1 kg. Colis de 100 filets. ;filet;  0,82 EUR;  0,82 EUR / kg; 81,70 EUR / colis;
Épicerie;Chocolat en poudre 32%. Max Havelaar bio;MONBANA;769175;Ambiant;Portion de 15 g. Colis de 100 portions. ;colis; 32,50 EUR; 21,66 EUR / kg;  0,32 EUR / Portion;30 jour(s)
Fruits et Légumes;Carotte. catégorie 1. France;STKFL;785387;Frais;Par sachet de 1.5 kg. ;sachet;  2,13 EUR;  1,42 EUR / kg;;
Épicerie;Corn flakes;KELLOGG'S;786160;Ambiant;Par boite de 500 g. Colis de 14 boites. ;boite;  5,27 EUR; 10,53 EUR / kg; 73,71 EUR / colis;30 jour(s)
Desserts Glaces;Feuille de génoise nature. dimension 580 x 380 x 8mm. pochon de 7 feuilles;JEAN DUCOURTIEUX;786368;Ambiant;Portion de 400 g. Colis de 14 portions. ;colis; 64,57 EUR; 11,53 EUR / kg;  4,61 EUR / Portion;7 jour(s)
Viandes Volailles Gibier;"Paupiette de veau ""V"" frais. ou décongeléee";BEAUVALLET RESTAURATION;800065;Frais;Portion de 180 g. Colis de 5 portions. ;colis; 14,86 EUR; 16,51 EUR / kg;  2,97 EUR / Portion;7 jour(s)
Crèmerie Œufs Fromages;Crème excellence cuisine et. pâtisserie uht;ELLE & VIRE;800079;Frais;Brick de 1 litre. Colis de 6 bricks. ;colis; 37,86 EUR;  6,31 EUR / L;  6,31 EUR / brick;7 jour(s)
Accompagnements Assaisonnement;Lentilles vertes bio;SABAROT;800272;Ambiant;Par sac de 5 kg. ;sac; 21,53 EUR;  4,31 EUR / kg;;30 jour(s)
Accompagnements Assaisonnement;Céréale gourmande bio;TIPIAK RESTAURATION;800632;Ambiant;Par sac de 4.5 kg. ;sac; 23,72 EUR;  5,27 EUR / kg;;30 jour(s)
Pains Viennoiserie Pâtes;Pain au chocolat. pret à cuire, au beurre,. AOP charente-poitou;ECLAT DU TERROIR;801779;Surgele;Portion de 80 g. Colis de 60 portions. ;colis; 39,59 EUR;  8,25 EUR / kg;  0,66 EUR / Portion;30 jour(s)
Pains Viennoiserie Pâtes;Croissant au beurre. pret à cuire. AOP charente-poitou;ECLAT DU TERROIR;801787;Surgele;Portion de 80 g. Colis de 60 portions. ;colis; 35,44 EUR;  7,38 EUR / kg;  0,59 EUR / Portion;30 jour(s)
Pains Viennoiserie Pâtes;Torsade aux cranberries. pret à cuire;BRIDOR;804450;Surgele;Portion de 30 g. Colis de 100 portions. ;colis; 34,38 EUR; 11,46 EUR / kg;  0,34 EUR / Portion;30 jour(s)
Desserts Glaces;Compote de pommes. allégée en sucres. HVE;VALADE EN CORREZE;804971;Ambiant;Portion de 100 g. Colis de 120 portions. ;colis; 26,09 EUR;  2,17 EUR / kg;  0,22 EUR / Portion;30 jour(s)
Pains Viennoiserie Pâtes;Graines de sésame blanc;OLYMPFRUITS;805358;Ambiant;Par paquet de 1 kg. Colis de 5 paquets. ;paquet;  5,19 EUR;  5,19 EUR / kg; 25,95 EUR / colis;30 jour(s)
Accompagnements Assaisonnement;Mayonnaise aux oeufs frais;LESIEUR;807363;Ambiant;Par flacon de 450 ml. Colis de 12 flacons. ;flacon;  3,74 EUR;  8,32 EUR / L; 44,90 EUR / colis;30 jour(s)
Accompagnements Assaisonnement;Pois cassé bio;SABAROT;811423;Ambiant;Par sac de 5 kg. ;sac; 15,13 EUR;  3,03 EUR / kg;;30 jour(s)
Équipement Hygiène;Serviette ouate blanche. 2 plis. dimension 39 x 39 cm;TORK;811528;Ambiant;Paquet de 150 portions. ;paquet;  4,07 EUR;;  0,03 EUR / Portion;
Épicerie;Pâte à tartiner;VALADE EN CORREZE;811670;Ambiant;Portion de 20 g. Colis de 120 portions. ;colis; 21,48 EUR;  8,95 EUR / kg;  0,18 EUR / Portion;30 jour(s)
Viandes Volailles Gibier;Sauté de veau V épaule/bas. carré;BEAUVALLET RESTAURATION;822258;Frais;Par sachet de 2 kg. ;sachet; 30,25 EUR; 15,13 EUR / kg;;7 jour(s)
Épicerie;Sucre en poudre. en sachet dose;;822835;Ambiant;Portion de 5 g. Colis de 1000 portions. ;colis; 15,87 EUR;  3,17 EUR / kg;  0,02 EUR / Portion;
Viandes Volailles Gibier;Poulet fermier Label rouge. de Loué blanc, pac nu;LOUE;832766;Frais;Pièce de 1.4 kg. Colis de 4 pièces. ;colis; 36,75 EUR;  6,56 EUR / kg;  9,19 EUR / pièce;5 jour(s)
Crèmerie Œufs Fromages;Crème anglaise vanille. bourbon. avec grains de vanille;PRESIDENT PRO;833642;Frais;Par bouteille de 1 litre. Colis de 6 bouteilles. ;bouteille;  4,01 EUR;  4,01 EUR / L; 24,04 EUR / colis;7 jour(s)
Crèmerie Œufs Fromages;Préparation pour tiramisu. au mascarpone;GALBANI PRO;833643;Frais;Par brick de 1 litre. Colis de 6 bricks. ;brick;  8,42 EUR;  8,42 EUR / L; 50,54 EUR / colis;7 jour(s)
Épicerie;Spécial K;KELLOGG'S;833810;Ambiant;Portion de 500 g. Colis de 8 portions. ;colis; 43,28 EUR; 10,82 EUR / kg;  5,41 EUR / Portion;30 jour(s)
Charcuterie Traiteur;Poitrine porc s/vide;BEAUVALLET RESTAURATION;834291;Frais;Portion de 110 g. Colis de 20 portions. ;colis; 24,08 EUR; 10,95 EUR / kg;  1,20 EUR / Portion;7 jour(s)
Viandes Volailles Gibier;Côte d'échine de porc;BEAUVALLET RESTAURATION;835652;Frais;Portion de 170 g. Colis de 10 portions. ;colis; 15,14 EUR;  8,90 EUR / kg;  1,51 EUR / Portion;3 jour(s)
Fruits et Légumes;Pomme pink lady 80/85. catégorie 1;STKFL;838178;Frais;Par colis de 4 kg. ;colis; 15,01 EUR;  3,75 EUR / kg;;
Boissons;Jus de pomme Tropicana;TROPICANA;838698;Ambiant;Par bag in box de 10 litre. ;bag in box; 34,77 EUR;  3,48 EUR / L;;30 jour(s)
Épicerie;Nutella;NUTELLA;838839;Ambiant;Portion de 15 g. Colis de 120 portions. ;colis; 22,71 EUR; 12,62 EUR / kg;  0,19 EUR / Portion;30 jour(s)
Viandes Volailles Gibier;Filet de poulet;;840387;Frais;Par barquette de 2.5 kg. Colis de 4 barquettes. ;barquette; 21,58 EUR;  8,63 EUR / kg; 86,31 EUR / colis;3 jour(s)
Charcuterie Traiteur;Chipolata sans colorant. sans conservateur;;840637;Surgele;Portion de 50 g. Colis de 100 portions. ;colis; 37,83 EUR;  7,57 EUR / kg;  0,38 EUR / Portion;30 jour(s)
Charcuterie Traiteur;Chair à saucisse sans colorant. sans conservateur;;840652;Surgele;Portion de 500 g. Sachet de 2 portions. ;sachet;  8,66 EUR;  8,66 EUR / kg;  4,33 EUR / Portion;30 jour(s)
Crèmerie Œufs Fromages;Omelette nature bio;COCOTINE;842195;Surgele;Portion de 90 g. Colis de 60 portions. ;colis; 48,48 EUR;  8,98 EUR / kg;  0,81 EUR / Portion;30 jour(s)
Pains Viennoiserie Pâtes;Brioche sucrée;CHATEAU BLANC;842872;Surgele;Portion de 430 g. Colis de 20 portions. ;colis; 68,13 EUR;  7,92 EUR / kg;  3,41 EUR / Portion;30 jour(s)
Épicerie;Thé noir Earl Grey 100 sachets. fraicheur;LIPTON;844559;Ambiant;Portion de 2 g. Boite de 100 portions. ;boite;  9,56 EUR; 47,81 EUR / kg;  0,10 EUR / Portion;30 jour(s)
Crèmerie Œufs Fromages;Yaourt vanille bio. pot de 125 g. lot de 4 pots;LACTEL;844736;Frais;Portion de 125 g. Colis de 24 portions. ;colis; 13,18 EUR;  4,39 EUR / kg;  0,55 EUR / Portion;7 jour(s)
Épicerie;Coco pops riz choc;KELLOGG'S;844942;Ambiant;Portion de 500 g. Colis de 8 portions. ;colis; 42,96 EUR; 10,74 EUR / kg;  5,37 EUR / Portion;30 jour(s)
Pains Viennoiserie Pâtes;Biscotte au froment. sachet de 2 tranches;PASQUIER;844952;Ambiant;Portion de 15 g. Colis de 208 portions. ;colis; 14,41 EUR;  4,62 EUR / kg;  0,07 EUR / Portion;30 jour(s)
Crèmerie Œufs Fromages;Reblochon de Savoie aop. 27% m.g.;POCHAT;847574;Frais;Par pièce de 450 g. Colis de 6 pièces. ;pièce; 10,89 EUR; 24,20 EUR / kg; 65,35 EUR / colis;7 jour(s)
Crèmerie Œufs Fromages;Lait uht 1/2 ecreme bio. bouteille de 1 l;LACTEL;847962;Frais;Bouteille de 1 litre. Colis de 6 bouteilles. ;colis; 11,96 EUR;  1,99 EUR / L;  1,99 EUR / bouteille;7 jour(s)
Accompagnements Assaisonnement;Huile d'olive bio. extra vierge;BORGES;848044;Ambiant;Par bouteille de 500 ml. Colis de 12 bouteilles. ;bouteille;  6,30 EUR; 12,60 EUR / L; 75,61 EUR / colis;30 jour(s)
Crèmerie Œufs Fromages;Comté 1/12 de meule 35 % m.g.. 4 mois d'affinage aop;ERMITAGE;848242;Frais;Par pièce de 3.5 kg. Colis de 3 pièces. ;pièce; 54,80 EUR; 15,66 EUR / kg;164,39 EUR / colis;7 jour(s)
Viandes Volailles Gibier;Egrene pour boeuf. bio, 15 % m.g.;CHARAL;850768;Surgele;Par sachet de 1 kg. Colis de 6 sachets. ;sachet; 16,59 EUR; 16,59 EUR / kg; 99,56 EUR / colis;30 jour(s)
Fruits et Légumes;Poivron jaune;STKFL;852087;Frais;Par filet de 1 kg. ;filet;  3,41 EUR;  3,41 EUR / kg;;4 jour(s)
Viandes Volailles Gibier;Bavette d'aloyau vbf;BEAUVALLET RESTAURATION;853119;Frais;Portion de 180 g. Colis de 10 portions. ;colis; 50,66 EUR; 28,14 EUR / kg;  5,07 EUR / Portion;7 jour(s)
Boissons;Mojito. the fetichist;THE FETICHIST;854606;Ambiant;Par bag in box de 5 litre. ;bag in box; 75,00 EUR; 15,00 EUR / L;;
Boissons;Pornstar martini. the fetichist;THE FETICHIST;854607;Ambiant;Par bag in box de 5 litre. ;bag in box; 75,00 EUR; 15,00 EUR / L;;
Viandes Volailles Gibier;Carré de côte de boeuf. dévertébré vbf;BEAUVALLET RESTAURATION;855493;Frais;Par pièce de 5 kg. ;pièce;113,15 EUR; 22,63 EUR / kg;;7 jour(s)
Accompagnements Assaisonnement;Fonds blanc de volaille. pour 20 à 40 l;CHEF;859074;Ambiant;Par boite de 800 g. Colis de 6 boites. ;boite; 18,65 EUR; 23,31 EUR / kg;111,87 EUR / colis;30 jour(s)
Épicerie;Confiture fraise;BONNE MAMAN;860008;Ambiant;Pot de 30 g. Colis de 60 pots. ;colis; 23,52 EUR; 13,07 EUR / kg;  0,39 EUR / pot;30 jour(s)
Épicerie;Confiture extra abricot;BONNE MAMAN;860009;Ambiant;Pot de 30 g. Colis de 60 pots. ;colis; 23,52 EUR; 13,07 EUR / kg;  0,39 EUR / pot;30 jour(s)
Épicerie;Confiture cerise;BONNE MAMAN;860010;Ambiant;Pot de 30 g. Colis de 60 pots. ;colis; 25,86 EUR; 14,37 EUR / kg;  0,43 EUR / pot;30 jour(s)
Épicerie;Confiture extre pêche;BONNE MAMAN;860011;Ambiant;Pot de 30 g. Colis de 60 pots. ;colis; 27,66 EUR; 15,37 EUR / kg;  0,46 EUR / pot;30 jour(s)
Épicerie;Confiture myrtille sauvage;BONNE MAMAN;860012;Ambiant;Pot de 30 g. Colis de 60 pots. ;colis; 35,10 EUR; 19,50 EUR / kg;  0,59 EUR / pot;30 jour(s)
Épicerie;Marmelade oranges amères;BONNE MAMAN;860013;Ambiant;Pot de 30 g. Colis de 60 pots. ;colis; 26,46 EUR; 14,70 EUR / kg;  0,44 EUR / pot;30 jour(s)
Épicerie;Confiture extra framboise;BONNE MAMAN;860014;Ambiant;Pot de 30 g. Colis de 60 pots. ;colis; 36,78 EUR; 20,43 EUR / kg;  0,61 EUR / pot;30 jour(s)
Épicerie;Sucre en morceau Enveloppé. individuellement. mélange ambre/blanc;LA PERRUCHE;860882;Ambiant;Par boite de 2.5 kg. Colis de 4 boites. ;boite; 29,31 EUR; 11,72 EUR / kg;117,23 EUR / colis;
Épicerie;Corn flakes original;KELLOGG'S;860940;Ambiant;Portion de 500 g. Colis de 8 portions. ;colis; 31,28 EUR;  7,82 EUR / kg;  3,91 EUR / Portion;30 jour(s)
Épicerie;Pate a tartiner chocolat. noisette bio;JARDIN BIO ETIC;860941;Ambiant;Par pot de 750 g. Colis de 6 pots. ;pot;  8,24 EUR; 10,98 EUR / kg; 49,42 EUR / colis;30 jour(s)
Fruits et Légumes;Ail 5/7. catégorie 1;STKFL;867441;Frais;Par filet de 1 kg. ;filet;  7,56 EUR;  7,56 EUR / kg;;
Crèmerie Œufs Fromages;Lait en poudre demi écrémé. 14 % m.g.,  granulé;MATINES;868924;Ambiant;Par sachet de 500 g. Colis de 10 sachets. ;sachet;  4,81 EUR;  9,63 EUR / kg; 48,14 EUR / colis;30 jour(s)
Boissons;Jus d'orange pur premium;PLEIN FRUIT;869379;Ambiant;Brick de 1 litre. Colis de 6 bricks. ;colis; 16,94 EUR;  2,82 EUR / L;  2,82 EUR / brick;30 jour(s)
Boissons;Pur jus de pomme gala;PLEIN FRUIT;869395;Ambiant;Brick de 1 litre. Colis de 6 bricks. ;colis; 10,85 EUR;  1,81 EUR / L;  1,81 EUR / brick;30 jour(s)
Fruits et Légumes;Coeur de romaine x2. catégorie 1;STKFL;870322;Frais;Par sachet de 500 g. Colis de 8 sachets. ;sachet;  2,12 EUR;  4,24 EUR / kg; 16,95 EUR / colis;
Accompagnements Assaisonnement;Vinaigre balsamique de Modène. igp;BORGES;873244;Ambiant;Par bouteille de 2 litre. Colis de 6 bouteilles. ;bouteille; 13,73 EUR;  6,86 EUR / L; 82,37 EUR / colis;30 jour(s)
Poissons Coquillages Crustacés;Gambas entière crue. argentine sauvage;;873425;Surgele;Par boite de 2 kg. Colis de 6 boites. ;boite; 24,91 EUR; 12,45 EUR / kg;149,45 EUR / colis;30 jour(s)
Viandes Volailles Gibier;Joue de porc frais ou. décongelée;BEAUVALLET RESTAURATION;873432;Frais;Portion de 1 kg. Barquette de 2 portions. ;barquette; 27,79 EUR; 13,90 EUR / kg; 13,90 EUR / Portion;3 jour(s)
Viandes Volailles Gibier;Paleron de boeuf;;873467;Frais;Par kilo. ;kilo; 11,72 EUR; 11,72 EUR / kg;;7 jour(s)
Crèmerie Œufs Fromages;Petit billy. 15% m.g.. pièce de 200g;PETIT BILLY;873732;Frais;Plaque de 200 g. Colis de 6 plaques. ;colis; 21,51 EUR; 17,93 EUR / kg;  3,59 EUR / plaque;7 jour(s)
Crèmerie Œufs Fromages;Coeur de Neufchatel au. lait cru, 25 % m.g.;LES CATELIERS;873747;Frais;Pièce de 200 g. Colis de 6 pièces. ;colis; 17,44 EUR; 14,53 EUR / kg;  2,91 EUR / pièce;7 jour(s)
Épicerie;Oreillons de peches préservées. qualité pâtisserie;LEGAVE;873778;Ambiant;Par boite 4/4 de 820 g. Colis de 12 boites 4/4. ;boite 4/4;  2,25 EUR;  2,74 EUR / kg; 27,00 EUR / colis;30 jour(s)
Pains Viennoiserie Pâtes;Baguette 1778 précuites. sur four à sole de pierre. longueur de 45 cm;BRIDOR;874353;Surgele;Portion de 280 g. Colis de 25 portions. ;colis; 17,58 EUR;  2,51 EUR / kg;  0,70 EUR / Portion;30 jour(s)
Accompagnements Assaisonnement;Tomates entières pelées;CIRIO;874675;Ambiant;Par boite 3/1 de 2.5 kg. Colis de 6 boites 3/1. ;boite 3/1;  5,39 EUR;  2,16 EUR / kg; 32,34 EUR / colis;30 jour(s)
Fruits et Légumes;Céleri rave. catégorie 1;STKFL;877049;Frais;Par pièce de 1 kg. Colis de 8 pièces. ;pièce;  1,95 EUR;  1,95 EUR / kg; 15,62 EUR / colis;
Crèmerie Œufs Fromages;Camembert 21 % m.g. bio;PRESIDENT;900012;Frais;Portion de 31.25 g. Boite de 8 portions. ;boite;  4,75 EUR; 18,98 EUR / kg;  0,59 EUR / Portion;7 jour(s)
Desserts Glaces;Compote pomme. allegee en sucre;CHARLES & ALICE;900311;Ambiant;Portion de 100 g. Colis de 120 portions. ;colis; 20,90 EUR;  1,74 EUR / kg;  0,17 EUR / Portion;30 jour(s)
Crèmerie Œufs Fromages;Tomme brebis;PRESIDENT PRO;900800;Frais;Par barquette de 400 g. Colis de 8 barquettes. ;barquette;  8,45 EUR; 21,12 EUR / kg; 67,58 EUR / colis;7 jour(s)
Crèmerie Œufs Fromages;Yaourt nature;NOVA;900805;Frais;Lot de 500 g. Colis de 12 lots. Lot de 4 portions. ;colis; 10,42 EUR;  1,74 EUR / kg;  0,87 EUR / lot;5 jour(s)
Épicerie;Sucre canne bio. bûchette de 5 g;;900859;Ambiant;Portion de 5 g. Colis de 1000 portions. ;colis; 24,76 EUR;  4,95 EUR / kg;  0,02 EUR / Portion;
Pains Viennoiserie Pâtes;Croissant pur beurre. pret à cuire;BRIDOR;900868;Surgele;Portion de 40 g. Colis de 165 portions. ;colis; 39,40 EUR;  5,97 EUR / kg;  0,24 EUR / Portion;30 jour(s)
Accompagnements Assaisonnement;Quinoa gourmand. bio;TIPIAK RESTAURATION;910255;Ambiant;Par sac de 4.5 kg. ;sac; 26,96 EUR;  5,99 EUR / kg;;30 jour(s)
Fruits et Légumes;Pousse haricot mungo. sachet 1kg. colis par 5;WOSTIN;928426;Frais;Par sachet de 1 kg. Colis de 5 sachets. ;sachet;  1,79 EUR;  1,79 EUR / kg;  8,93 EUR / colis;3 jour(s)
Crèmerie Œufs Fromages;Chavroux 13.3 % m.g.;CHAVROUX;930216;Frais;Lot de 480 g. Colis de 6 lots. Lot de 24 portions. ;colis; 70,92 EUR; 24,63 EUR / kg; 11,82 EUR / lot;7 jour(s)
Crèmerie Œufs Fromages;Gouda 30% m.g. bio;LA VIE DE CHATEAU;930495;Frais;Portion de 20 g. Colis de 100 portions. ;colis; 32,58 EUR; 16,29 EUR / kg;  0,33 EUR / Portion;7 jour(s)
Charcuterie Traiteur;Saucisse de volaille étuvée;;940234;Frais;Portion de 50 g. Sachet de 20 portions. ;sachet;  7,54 EUR;  7,54 EUR / kg;  0,38 EUR / Portion;7 jour(s)
Crèmerie Œufs Fromages;oeuf dur écalé. calibre 43/53;OVOTEAM;940737;Frais;Portion de 36 g. Plaque de 40 portions. ;plaque; 13,62 EUR;  9,46 EUR / kg;  0,34 EUR / Portion;7 jour(s)
Boissons;Jus multifruit;PLEIN FRUIT;950073;Ambiant;Bouteille de 1 litre. Colis de 6 bouteilles. ;colis; 10,46 EUR;  1,74 EUR / L;  1,74 EUR / bouteille;30 jour(s)
Crèmerie Œufs Fromages;Blanc d'oeuf liquide;SERVIS OEUF;950227;Frais;Par brick de 1 kg. Colis de 8 bricks. ;brick;  3,62 EUR;  3,62 EUR / kg; 28,94 EUR / colis;7 jour(s)
Boissons;Nestlé pure life;NESTLE PURE LIFE;950415;Ambiant;Portion de 500 ml. Colis de 24 portions. ;colis;  6,90 EUR;  0,58 EUR / L;  0,29 EUR / Portion;30 jour(s)
Crèmerie Œufs Fromages;Burrata 19 % m.g.;AMBROSI;950486;Frais;Par pot de 120 g. Colis de 6 pots. ;pot;  2,28 EUR; 18,99 EUR / kg; 13,67 EUR / colis;5 jour(s)
Pains Viennoiserie Pâtes;Pavé de campagne précuit. sur sole. pièce de 50 g;BRIDOR;950799;Surgele;Portion de 50 g. Colis de 130 portions. ;colis; 20,45 EUR;  3,15 EUR / kg;  0,16 EUR / Portion;30 jour(s)
Desserts Glaces;Canelé de Bordeaux bouchée. de 17 g.;CANELE DE BORDEAUX;950895;Surgele;Portion de 17 g. Colis de 200 portions. ;colis; 46,14 EUR; 13,57 EUR / kg;  0,23 EUR / Portion;30 jour(s)
Fruits et Légumes;Citron 4/5. catégorie 1;STKFL;950925;Frais;Par filet de 1 kg. ;filet;  2,85 EUR;  2,85 EUR / kg;;
Desserts Glaces;Tarte aux pommes bio. prédecoupée x 12 parts;BONCOLAC;961195;Surgele;Par pièce de 850 g. Colis de 6 pièces. ;pièce;  7,56 EUR;  8,90 EUR / kg; 45,37 EUR / colis;30 jour(s)
Pains Viennoiserie Pâtes;Pain au chocolat pur beurre. pret à cuire;BRIDOR;961232;Surgele;Portion de 65 g. Colis de 90 portions. ;colis; 38,68 EUR;  6,61 EUR / kg;  0,43 EUR / Portion;30 jour(s)
Pains Viennoiserie Pâtes;Mini pain au raisin. au beurre fin, pret à cuire;BRIDOR;961233;Surgele;Portion de 30 g. Colis de 260 portions. ;colis; 64,76 EUR;  8,30 EUR / kg;  0,25 EUR / Portion;30 jour(s)
Pains Viennoiserie Pâtes;Mini pain au chocolat au. beurre fin, pret à cuire;BRIDOR;961235;Surgele;Portion de 28 g. Colis de 260 portions. ;colis; 50,12 EUR;  6,89 EUR / kg;  0,19 EUR / Portion;30 jour(s)
Pains Viennoiserie Pâtes;Mini croissant au beurre fin. pret à cuire;BRIDOR;961236;Surgele;Portion de 20 g. Colis de 260 portions. ;colis; 40,70 EUR;  7,83 EUR / kg;  0,16 EUR / Portion;30 jour(s)
Desserts Glaces;Compote de pommes allégée en. sucres bio;CHARLES & ALICE;961502;Ambiant;Par boite 5/1 de 4.25 kg. Colis de 3 boites 5/1. ;boite 5/1; 11,81 EUR;  2,78 EUR / kg; 35,43 EUR / colis;30 jour(s)
Viandes Volailles Gibier;Rôti longe de porc vpf;BEAUVALLET RESTAURATION;961705;Frais;Par pièce de 2 kg. ;pièce; 17,82 EUR;  8,91 EUR / kg;;7 jour(s)
Fruits et Légumes;Citron vert. catégorie 1;STKFL;966024;Frais;Portion de 93.75 g. Colis de 48 portions. ;colis; 12,84 EUR;  2,85 EUR / kg;  0,27 EUR / Portion;
Fruits et Légumes;Carotte. 20/30 - catégorie 1. origine France;STKFL;966063;Frais;Par sac de 5 kg. ;sac;  4,99 EUR;  1,00 EUR / kg;;
Fruits et Légumes;Ail 60/80. catégorie 1;STKFL;966148;Frais;Par colis de 5 kg. ;colis; 27,63 EUR;  5,53 EUR / kg;;
Fruits et Légumes;Framboise. catégorie 1. barquette de 125 g;DRISCOLL'S;966498;Frais;Par barquette de 125 g. ;barquette;  3,75 EUR; 30,01 EUR / kg;;
Fruits et Légumes;Endive. catégorie 1 - origine France. colis de 5 kg;STKFL;966534;Frais;Par colis de 5 kg. ;colis; 12,19 EUR;  2,44 EUR / kg;;
Fruits et Légumes;Ananas victoria avion. calibre a7. pièce de 800 g;STKFL;966545;Frais;Pièce de 800 g. Colis de 7 pièces. ;colis; 37,31 EUR;  6,66 EUR / kg;  5,33 EUR / pièce;
Fruits et Légumes;Grenade. calibre 320 g. catégorie 1;STKFL;966580;Frais;Pièce de 316 g. Colis de 12 pièces. ;colis; 22,75 EUR;  6,00 EUR / kg;  1,90 EUR / pièce;
Fruits et Légumes;Fenouil. catégorie 1;STKFL;966697;Frais;Par colis de 5 kg. ;colis; 11,15 EUR;  2,23 EUR / kg;;
Fruits et Légumes;Tomate cerise. catégorie 1;STKFL;966755;Frais;Par colis de 4 kg. ;colis; 17,23 EUR;  4,31 EUR / kg;;
Fruits et Légumes;Concombre 4/5. catégorie 1;STKFL;966776;Frais;Pièce de 450 g. Colis de 12 pièces. ;colis; 10,75 EUR;  1,99 EUR / kg;  0,90 EUR / pièce;
Fruits et Légumes;Champignon girolle. catégorie 1. barquette de 1 kg;STKFL;966806;Frais;Par colis de 1 kg. ;colis; 14,81 EUR; 14,81 EUR / kg;;
Fruits et Légumes;Tomate cerise. catégorie 1. barquette de 250 g;STKFL;966837;Frais;Par barquette de 250 g. Colis de 9 barquettes. ;barquette;  1,27 EUR;  5,07 EUR / kg; 11,40 EUR / colis;
Fruits et Légumes;Tomate cerise allongée. catégorie 1;STKFL;966839;Frais;Par barquette de 250 g. Colis de 12 barquettes. ;barquette;  1,06 EUR;  4,24 EUR / kg; 12,72 EUR / colis;
Fruits et Légumes;Poivron vert GG. catégorie 1;STKFL;966911;Frais;Par colis de 5 kg. ;colis; 10,81 EUR;  2,16 EUR / kg;;
Fruits et Légumes;Poivron jaune GG. catégorie 1;STKFL;966992;Frais;Par colis de 5 kg. ;colis; 13,58 EUR;  2,72 EUR / kg;;
Fruits et Légumes;Melon vert 1400/1800. catgorie 1. colis par 8;STKFL;967133;Frais;Pièce de 1.5 kg. Colis de 8 pièces. ;colis; 25,93 EUR;  2,16 EUR / kg;  3,24 EUR / pièce;
Fruits et Légumes;Raisins blancs Italia. catégorie 1;STKFL;967161;Frais;Par colis de 5 kg. ;colis; 10,81 EUR;  2,16 EUR / kg;;
Fruits et Légumes;Poivron rouge GG. catégorie 1;STKFL;967238;Frais;Par colis de 5 kg. ;colis; 13,58 EUR;  2,72 EUR / kg;;
Fruits et Légumes;Roquette. catégorie 1. barquette de 1 kg;STKFL;967289;Frais;Par barquette de 1 kg. ;barquette;  5,49 EUR;  5,49 EUR / kg;;3 jour(s)
Fruits et Légumes;Pommes bicolore 136/165. catégorie 1. France;STKFL;967385;Frais;Par sachet de 2 kg. ;sachet;  3,35 EUR;  1,68 EUR / kg;;
Fruits et Légumes;Kiwi gold. calibre 33. catégorie 1;AFL;967607;Frais;Pièce de 92 g. Colis de 52 pièces. ;colis; 40,82 EUR;  8,53 EUR / kg;  0,79 EUR / pièce;
Fruits et Légumes;Pommes Granny 170/195. catégorie 1. France;STKFL;967887;Frais;Par colis de 4 kg. ;colis;  8,64 EUR;  2,16 EUR / kg;;
Fruits et Légumes;Pousse épinard. catégorie 1. France;STKFL;967964;Frais;Par barquette de 1 kg. ;barquette;  5,67 EUR;  5,67 EUR / kg;;3 jour(s)
Fruits et Légumes;Patate douce. catégorie 1. colis de 2 kg;STKFL;968179;Frais;Par colis de 2 kg. ;colis;  5,15 EUR;  2,58 EUR / kg;;
Fruits et Légumes;Carambole. catégorie 1. pièce de 104 g;STKFL;968188;Frais;Pièce de 104 g. Colis de 24 pièces. ;colis; 38,88 EUR; 15,58 EUR / kg;  1,62 EUR / pièce;
Fruits et Légumes;Chou vert frisé. catégorie;STKFL;968467;Frais;Pièce de 1.666 kg. Colis de 6 pièces. ;colis; 10,88 EUR;  1,09 EUR / kg;  1,81 EUR / pièce;
Fruits et Légumes;Pomme de terre. Franceline lavee 35/55. categorie 1;STKFL;968772;Frais;Par filet de 2.5 kg. ;filet;  2,84 EUR;  1,14 EUR / kg;;
Fruits et Légumes;Navet long blanc. catégorie 1;STKFL;968893;Frais;Par pièce de 400 g. Colis de 15 pièces. ;pièce;  1,83 EUR;  4,59 EUR / kg; 27,51 EUR / colis;
Fruits et Légumes;Haricot vert équeuté. catégorie 1;STKFL;968961;Frais;Par barquette de 500 g. ;barquette;  3,37 EUR;  6,73 EUR / kg;;3 jour(s)
Fruits et Légumes;Raisin blanc sans pépins. catégorie 1;STKFL;969957;Frais;Par barquette de 500 g. Colis de 10 barquettes. ;barquette;  2,67 EUR;  5,35 EUR / kg; 26,73 EUR / colis;
Charcuterie Traiteur;Merguez sans boyau *Halal;;970128;Surgele;Par colis de 5 kg. ;colis; 63,30 EUR; 12,66 EUR / kg;;30 jour(s)
Poissons Coquillages Crustacés;Gambas crue élevée black tiger. calibre 16/20;ROYAL BLUE;970541;Surgele;Par boite de 800 g. Colis de 10 boites. ;boite; 12,65 EUR; 15,81 EUR / kg;126,46 EUR / colis;30 jour(s)
Fruits et Légumes;Betterave Chioggia crue. catégorie 1;AFL;970838;Frais;Par colis de 5 kg. ;colis; 13,09 EUR;  2,62 EUR / kg;;
Fruits et Légumes;Asperge verte 16/24. catégorie 1;STKFL;970968;Frais;Par pièce de 420 g. Colis de 8 pièces. ;pièce;  6,76 EUR; 16,09 EUR / kg; 54,07 EUR / colis;
Fruits et Légumes;Mini fenouil. catégorie 1. barquette 400g;STKFL;970982;Frais;Barquette de 400 g. Colis de 4 barquettes. ;colis; 44,74 EUR; 27,97 EUR / kg; 11,19 EUR / barquette;
Fruits et Légumes;Pommes Royal Gala 170 / 195. catégorie 1. France;STKFL;971052;Frais;Par colis de 4 kg. ;colis;  7,26 EUR;  1,81 EUR / kg;;
Fruits et Légumes;Celeri branche. catégorie 1;STKFL;971188;Frais;Par pièce de 700 g. Colis de 10 pièces. ;pièce;  1,86 EUR;  2,66 EUR / kg; 18,59 EUR / colis;
Fruits et Légumes;Ananas sweet B9. catégorie 1;STKFL;971376;Frais;Pièce de 1.28 kg. Colis de 9 pièces. ;colis; 15,92 EUR;  1,38 EUR / kg;  1,77 EUR / pièce;
Fruits et Légumes;Oignon jaune  60/80. catégorie 1. France;STKFL;971400;Frais;Par filet de 5 kg. ;filet;  2,91 EUR;  0,58 EUR / kg;;
Fruits et Légumes;Mangue avion. catégorie 1;AFL;971401;Frais;Pièce de 450 g. Colis de 12 pièces. ;colis; 49,63 EUR;  9,19 EUR / kg;  4,14 EUR / pièce;
Crèmerie Œufs Fromages;St Môret;ST MORET;980505;Frais;Par barquette de 1 kg. Colis de 4 barquettes. ;barquette; 13,53 EUR; 13,53 EUR / kg; 54,11 EUR / colis;7 jour(s)
Viandes Volailles Gibier;Filet mignon de porc;;980565;Frais;Par kilo. ;kilo;  7,82 EUR;  7,82 EUR / kg;;7 jour(s)
Poissons Coquillages Crustacés;Filet de St Pierre avec peau. peché en FAO 61;;980588;Surgele;Par colis de 5 kg. ;colis; 90,59 EUR; 18,12 EUR / kg;;30 jour(s)
Équipement Hygiène;Assert lemon. plonge manuelle;ECOLAB;980703;Ambiant;Par bidon de 5 litre. Colis de 2 bidons. ;bidon; 24,84 EUR;  4,97 EUR / L; 49,68 EUR / colis;30 jour(s)
Poissons Coquillages Crustacés;Filet de dorade royale avec. peau écaillée élevé en grèce. /turquie sous atmosphère;;980899;Frais;Portion de 190 g. Barquette de 10 portions. ;barquette; 52,39 EUR; 27,57 EUR / kg;  5,24 EUR / Portion;3 jour(s)
Poissons Coquillages Crustacés;Dos de cabillaud avec peau. peché en atlantique. nord est;;980903;Frais;Portion de 180 g. Barquette de 10 portions. ;barquette; 73,67 EUR; 40,93 EUR / kg;  7,37 EUR / Portion;3 jour(s)
Épicerie;nutella;NUTELLA;980987;Ambiant;Par pot de 750 g. Colis de 6 pots. ;pot;  8,16 EUR; 10,88 EUR / kg; 48,98 EUR / colis;30 jour(s)
Crèmerie Œufs Fromages;Margarine feuilletage;LEGAVE;998315;Frais;Plaque de 2 kg. Colis de 6 plaques. ;colis; 35,48 EUR;  2,96 EUR / kg;  5,91 EUR / plaque;7 jour(s)
Poissons Coquillages Crustacés;Pavé de saumon. avec peau - sans aretes;;998957;Frais;Portion de 150 g. Barquette de 10 portions. ;barquette; 31,94 EUR; 21,30 EUR / kg;  3,19 EUR / Portion;3 jour(s)
Poissons Coquillages Crustacés;Bulots cuits. s/atmosphère modifiée;;998969;Frais;Par barquette de 1 kg. ;barquette; 10,54 EUR; 10,54 EUR / kg;;5 jour(s)
Poissons Coquillages Crustacés;Crevette cuite 40/60;;998971;Frais;Par barquette de 2 kg. ;barquette; 20,29 EUR; 10,15 EUR / kg;;3 jour(s)
Poissons Coquillages Crustacés;Crevette cuite calibre 60/80;;998972;Frais;Par barquette de 2 kg. ;barquette; 19,24 EUR;  9,62 EUR / kg;;5 jour(s)
Poissons Coquillages Crustacés;Moule de Hollande PAC;;998973;Frais;Par barquette de 2 kg. ;barquette;  6,09 EUR;  3,04 EUR / kg;;2 jour(s)
