[
  {
    "Rayon": "Accompagnements Assaisonnement",
    "Libellé produit": "Torti épinard/tomate",
    "Marque": "PANZANI",
    "Code Produit": "000182",
    "Température": "Ambiant",
    "Conditionnement": "Par sachet de 2 kg.",
    "Unité de commande": "sachet",
    "Prix": "7,44 EUR",
    "Prix à l'unité de mesure": "3,72 EUR / kg",
    "Prix à la portion": "",
    "DLC garantie au client": "30 jour(s)"
  },
  {
    "Rayon": "Accompagnements Assaisonnement",
    "Libellé produit": "Tagliatelle aux oeufs. Emiliane chef",
    "Marque": "BARILLA",
    "Code Produit": "000190",
    "Température": "Ambiant",
    "Conditionnement": "Sac de 1 kg. Colis de 6 sacs.",
    "Unité de commande": "colis",
    "Prix": "51,71 EUR",
    "Prix à l'unité de mesure": "8,62 EUR / kg",
    "Prix à la portion": "8,62 EUR / sac",
    "DLC garantie au client": "30 jour(s)"
  },
  {
    "Rayon": "Fruits et Légumes",
    "Libellé produit": "Poire guyot. calibre 60/65. catégorie 1",
    "Marque": "STKFL",
    "Code Produit": "000502",
    "Température": "Frais",
    "Conditionnement": "Par barquette de 1 kg.",
    "Unité de commande": "barquette",
    "Prix": "2,32 EUR",
    "Prix à l'unité de mesure": "2,32 EUR / kg",
    "Prix à la portion": "",
    "DLC garantie au client": ""
  },
  {
    "Rayon": "Fruits et Légumes",
    "Libellé produit": "Tomate ronde 67/82. catégorie 1",
    "Marque": "STKFL",
    "Code Produit": "000512",
    "Température": "Frais",
    "Conditionnement": "Par colis de 6 kg.",
    "Unité de commande": "colis",
    "Prix": "11,88 EUR",
    "Prix à l'unité de mesure": "1,98 EUR / kg",
    "Prix à la portion": "",
    "DLC garantie au client": ""
  },
  {
    "Rayon": "Fruits et Légumes",
    "Libellé produit": "Pdt crue épluchée frite 7/7",
    "Marque": "FRAICH LEG",
    "Code Produit": "000564",
    "Température": "Frais",
    "Conditionnement": "Sachet de 10 kg. Colis de 2 sachets.",
    "Unité de commande": "colis",
    "Prix": "30,91 EUR",
    "Prix à l'unité de mesure": "1,55 EUR / kg",
    "Prix à la portion": "15,45 EUR / sachet",
    "DLC garantie au client": "5 jour(s)"
  },
  {
    "Rayon": "Fruits et Légumes",
    "Libellé produit": "Pommes Golden 135/170. catégorie 1. France",
    "Marque": "STKFL",
    "Code Produit": "000658",
    "Température": "Frais",
    "Conditionnement": "Portion de 160.494 g. Colis de 81 portions.",
    "Unité de commande": "colis",
    "Prix": "21,33 EUR",
    "Prix à l'unité de mesure": "1,64 EUR / kg",
    "Prix à la portion": "0,26 EUR / Portion",
    "DLC garantie au client": ""
  },
  {
    "Rayon": "Fruits et Légumes",
    "Libellé produit": "Piment rouge. catégorie 1",
    "Marque": "STKFL",
    "Code Produit": "000937",
    "Température": "Frais",
    "Conditionnement": "Par barquette de 500 g.",
    "Unité de commande": "barquette",
    "Prix": "3,43 EUR",
    "Prix à l'unité de mesure": "6,86 EUR / kg",
    "Prix à la portion": "",
    "DLC garantie au client": ""
  },
  {
    "Rayon": "Fruits et Légumes",
    "Libellé produit": "Piment vert. catégorie 1",
    "Marque": "STKFL",
    "Code Produit": "000956",
    "Température": "Frais",
    "Conditionnement": "Par barquette de 500 g.",
    "Unité de commande": "barquette",
    "Prix": "4,20 EUR",
    "Prix à l'unité de mesure": "8,40 EUR / kg",
    "Prix à la portion": "",
    "DLC garantie au client": ""
  },
  {
    "Rayon": "Fruits et Légumes",
    "Libellé produit": "Chou rouge. catégorie 1",
    "Marque": "STKFL",
    "Code Produit": "000964",
    "Température": "Frais",
    "Conditionnement": "Par pièce de 1.5 kg. Colis de 6 pièces.",
    "Unité de commande": "pièce",
    "Prix": "1,82 EUR",
    "Prix à l'unité de mesure": "1,21 EUR / kg",
    "Prix à la portion": "10,91 EUR / colis",
    "DLC garantie au client": ""
  },
  {
    "Rayon": "Fruits et Légumes",
    "Libellé produit": "Carotte jaune entière",
    "Marque": "ROSEE DES CHAMPS",
    "Code Produit": "001639",
    "Température": "Frais",
    "Conditionnement": "Par sachet de 1 kg. Colis de 8 sachets.",
    "Unité de commande": "sachet",
    "Prix": "4,30 EUR",
    "Prix à l'unité de mesure": "4,30 EUR / kg",
    "Prix à la portion": "34,40 EUR / colis",
    "DLC garantie au client": "3 jour(s)"
  },
  {
    "Rayon": "Fruits et Légumes",
    "Libellé produit": "Chou frisé émincé",
    "Marque": "ROSEE DES CHAMPS",
    "Code Produit": "001641",
    "Température": "Frais",
    "Conditionnement": "Par sachet de 5 kg.",
    "Unité de commande": "sachet",
    "Prix": "21,23 EUR",
    "Prix à l'unité de mesure": "4,25 EUR / kg",
    "Prix à la portion": "",
    "DLC garantie au client": "3 jour(s)"
  },
  {
    "Rayon": "Épicerie",
    "Libellé produit": "Country store muesli",
    "Marque": "KELLOGG'S",
    "Code Produit": "001800",
    "Température": "Ambiant",
    "Conditionnement": "Par sachet de 2 kg. Colis de 4 sachets.",
    "Unité de commande": "sachet",
    "Prix": "18,10 EUR",
    "Prix à l'unité de mesure": "9,05 EUR / kg",
    "Prix à la portion": "72,39 EUR / colis",
    "DLC garantie au client": "30 jour(s)"
  },
  {
    "Rayon": "Fruits et Légumes",
    "Libellé produit": "Mini pensées (fleur viola). France",
    "Marque": "AFL",
    "Code Produit": "004729",
    "Température": "Frais",
    "Conditionnement": "Par barquette de 10 g.",
    "Unité de commande": "barquette",
    "Prix": "3,80 EUR",
    "Prix à l'unité de mesure": "380,10 EUR / kg",
    "Prix à la portion": "",
    "DLC garantie au client": ""
  },
  {
    "Rayon": "Charcuterie Traiteur",
    "Libellé produit": "Jambon de paris spécial. sandwich vpf",
    "Marque": "MADRANGE",
    "Code Produit": "006148",
    "Température": "Frais",
    "Conditionnement": "Portion de 50 g. Barquette de 10 portions.",
    "Unité de commande": "barquette",
    "Prix": "5,98 EUR",
    "Prix à l'unité de mesure": "11,97 EUR / kg",
    "Prix à la portion": "0,60 EUR / Portion",
    "DLC garantie au client": "7 jour(s)"
  },
  {
    "Rayon": "Fruits et Légumes",
    "Libellé produit": "Noix de coco fraiche / paille. catégorie 1. pièce de 1kg",
    "Marque": "AFL",
    "Code Produit": "007465",
    "Température": "Frais",
    "Conditionnement": "Pièce de 1 kg. Colis de 9 pièces.",
    "Unité de commande": "colis",
    "Prix": "24,29 EUR",
    "Prix à l'unité de mesure": "2,70 EUR / kg",
    "Prix à la portion": "2,70 EUR / pièce",
    "DLC garantie au client": ""
  },
  {
    "Rayon": "Fruits et Légumes",
    "Libellé produit": "Chou kale vert. catégorie 1. colis de 3kg",
    "Marque": "STKFL",
    "Code Produit": "007466",
    "Température": "Frais",
    "Conditionnement": "Par colis de 3 kg.",
    "Unité de commande": "colis",
    "Prix": "17,05 EUR",
    "Prix à l'unité de mesure": "5,68 EUR / kg",
    "Prix à la portion": "",
    "DLC garantie au client": ""
  },
  {
    "Rayon": "Fruits et Légumes",
    "Libellé produit": "Avocat hass mur a point. Categorie 1",
    "Marque": "STKFL",
    "Code Produit": "008383",
    "Température": "Frais",
    "Conditionnement": "Pièce de 220 g. Colis de 18 pièces.",
    "Unité de commande": "colis",
    "Prix": "19,82 EUR",
    "Prix à l'unité de mesure": "5,01 EUR / kg",
    "Prix à la portion": "1,10 EUR / pièce",
    "DLC garantie au client": ""
  },
  {
    "Rayon": "Fruits et Légumes",
    "Libellé produit": "Ciboulette thai",
    "Marque": "STKFL",
    "Code Produit": "008522",
    "Température": "Frais",
    "Conditionnement": "Par sachet de 100 g.",
    "Unité de commande": "sachet",
    "Prix": "2,31 EUR",
    "Prix à l'unité de mesure": "23,14 EUR / kg",
    "Prix à la portion": "",
    "DLC garantie au client": ""
  },
  {
    "Rayon": "Fruits et Légumes",
    "Libellé produit": "Aubergine calibre 3/4. catégorie 1. France",
    "Marque": "STKFL",
    "Code Produit": "008637",
    "Température": "Frais",
    "Conditionnement": "Par colis de 5 kg.",
    "Unité de commande": "colis",
    "Prix": "19,40 EUR",
    "Prix à l'unité de mesure": "3,88 EUR / kg",
    "Prix à la portion": "",
    "DLC garantie au client": "2 jour(s)"
  },
  {
    "Rayon": "Fruits et Légumes",
    "Libellé produit": "Mélange jeune pousse. catégorie 1. France",
    "Marque": "STKFL",
    "Code Produit": "008691",
    "Température": "Frais",
    "Conditionnement": "Par barquette de 1 kg.",
    "Unité de commande": "barquette",
    "Prix": "5,37 EUR",
    "Prix à l'unité de mesure": "5,37 EUR / kg",
    "Prix à la portion": "",
    "DLC garantie au client": "3 jour(s)"
  },
  {
    "Rayon": "Fruits et Légumes",
    "Libellé produit": "Aneth. catégorie 1",
    "Marque": "STKFL",
    "Code Produit": "008707",
    "Température": "Frais",
    "Conditionnement": "Par sachet de 30 g.",
    "Unité de commande": "sachet",
    "Prix": "0,88 EUR",
    "Prix à l'unité de mesure": "29,47 EUR / kg",
    "Prix à la portion": "",
    "DLC garantie au client": ""
  },
  {
    "Rayon": "Fruits et Légumes",
    "Libellé produit": "Basilic. catégorie 1",
    "Marque": "STKFL",
    "Code Produit": "008708",
    "Température": "Frais",
    "Conditionnement": "Par sachet de 30 g.",
    "Unité de commande": "sachet",
    "Prix": "0,95 EUR",
    "Prix à l'unité de mesure": "31,73 EUR / kg",
    "Prix à la portion": "",
    "DLC garantie au client": ""
  },
  {
    "Rayon": "Fruits et Légumes",
    "Libellé produit": "Coriandre. catégorie 1",
    "Marque": "STKFL",
    "Code Produit": "008711",
    "Température": "Frais",
    "Conditionnement": "Par sachet de 30 g.",
    "Unité de commande": "sachet",
    "Prix": "0,88 EUR",
    "Prix à l'unité de mesure": "29,47 EUR / kg",
    "Prix à la portion": "",
    "DLC garantie au client": "4 jour(s)"
  },
  {
    "Rayon": "Fruits et Légumes",
    "Libellé produit": "Laurier",
    "Marque": "STKFL",
    "Code Produit": "008713",
    "Température": "Frais",
    "Conditionnement": "Par sachet de 30 g.",
    "Unité de commande": "sachet",
    "Prix": "0,89 EUR",
    "Prix à l'unité de mesure": "29,67 EUR / kg",
    "Prix à la portion": "",
    "DLC garantie au client": "4 jour(s)"
  },
  {
    "Rayon": "Fruits et Légumes",
    "Libellé produit": "Menthe. catégorie 1",
    "Marque": "STKFL",
    "Code Produit": "008714",
    "Température": "Frais",
    "Conditionnement": "Par sachet de 30 g.",
    "Unité de commande": "sachet",
    "Prix": "0,88 EUR",
    "Prix à l'unité de mesure": "29,47 EUR / kg",
    "Prix à la portion": "",
    "DLC garantie au client": ""
  },
  {
    "Rayon": "Fruits et Légumes",
    "Libellé produit": "PERSIL PLAT SACHET 30G",
    "Marque": "STKFL",
    "Code Produit": "008715",
    "Température": "Frais",
    "Conditionnement": "Par sachet de 30 g.",
    "Unité de commande": "sachet",
    "Prix": "0,88 EUR",
    "Prix à l'unité de mesure": "29,47 EUR / kg",
    "Prix à la portion": "",
    "DLC garantie au client": "4 jour(s)"
  },
  {
    "Rayon": "Fruits et Légumes",
    "Libellé produit": "Romarin. catrgorie 1. sachet de 30g",
    "Marque": "STKFL",
    "Code Produit": "008716",
    "Température": "Frais",
    "Conditionnement": "Par sachet de 30 g.",
    "Unité de commande": "sachet",
    "Prix": "0,88 EUR",
    "Prix à l'unité de mesure": "29,47 EUR / kg",
    "Prix à la portion": "",
    "DLC garantie au client": "4 jour(s)"
  },
  {
    "Rayon": "Fruits et Légumes",
    "Libellé produit": "SAUGE SACHET 30G",
    "Marque": "STKFL",
    "Code Produit": "008717",
    "Température": "Frais",
    "Conditionnement": "Par sachet de 30 g.",
    "Unité de commande": "sachet",
    "Prix": "0,89 EUR",
    "Prix à l'unité de mesure": "29,67 EUR / kg",
    "Prix à la portion": "",
    "DLC garantie au client": "4 jour(s)"
  },
  {
    "Rayon": "Fruits et Légumes",
    "Libellé produit": "Thym. catégorie 1 - origine France. sachet de 30 g",
    "Marque": "STKFL",
    "Code Produit": "008718",
    "Température": "Frais",
    "Conditionnement": "Par sachet de 30 g.",
    "Unité de commande": "sachet",
    "Prix": "0,88 EUR",
    "Prix à l'unité de mesure": "29,47 EUR / kg",
    "Prix à la portion": "",
    "DLC garantie au client": "4 jour(s)"
  },
  {
    "Rayon": "Fruits et Légumes",
    "Libellé produit": "Mure. catégorie 1. barquette 125g",
    "Marque": "STKFL",
    "Code Produit": "008720",
    "Température": "Frais",
    "Conditionnement": "Par barquette de 125 g.",
    "Unité de commande": "barquette",
    "Prix": "3,27 EUR",
    "Prix à l'unité de mesure": "26,13 EUR / kg",
    "Prix à la portion": "",
    "DLC garantie au client": "4 jour(s)"
  },
  {
    "Rayon": "Fruits et Légumes",
    "Libellé produit": "Citronnelle baton. catégorie 1. sachet de 100g",
    "Marque": "STKFL",
    "Code Produit": "008722",
    "Température": "Frais",
    "Conditionnement": "Par sachet de 100 g.",
    "Unité de commande": "sachet",
    "Prix": "1,91 EUR",
    "Prix à l'unité de mesure": "19,11 EUR / kg",
    "Prix à la portion": "",
    "DLC garantie au client": "4 jour(s)"
  },
  {
    "Rayon": "Fruits et Légumes",
    "Libellé produit": "Champignon géant a farcir. catégorie 1",
    "Marque": "STKFL",
    "Code Produit": "008773",
    "Température": "Frais",
    "Conditionnement": "Par colis de 2 kg.",
    "Unité de commande": "colis",
    "Prix": "8,11 EUR",
    "Prix à l'unité de mesure": "4,06 EUR / kg",
    "Prix à la portion": "",
    "DLC garantie au client": "4 jour(s)"
  },
  {
    "Rayon": "Fruits et Légumes",
    "Libellé produit": "Avocat cal.22 bio. catégorie 2",
    "Marque": "STKFL",
    "Code Produit": "008777",
    "Température": "Frais",
    "Conditionnement": "Par barquette de 350 g.",
    "Unité de commande": "barquette",
    "Prix": "3,48 EUR",
    "Prix à l'unité de mesure": "9,95 EUR / kg",
    "Prix à la portion": "",
    "DLC garantie au client": "4 jour(s)"
  },
  {
    "Rayon": "Fruits et Légumes",
    "Libellé produit": "Salade sucrine 6 têtes. catégorie 1",
    "Marque": "STKFL",
    "Code Produit": "008814",
    "Température": "Frais",
    "Conditionnement": "Par barquette de 360 g.",
    "Unité de commande": "barquette",
    "Prix": "2,34 EUR",
    "Prix à l'unité de mesure": "6,49 EUR / kg",
    "Prix à la portion": "",
    "DLC garantie au client": ""
  },
  {
    "Rayon": "Fruits et Légumes",
    "Libellé produit": "Ciboulette. catégorie 1",
    "Marque": "STKFL",
    "Code Produit": "008866",
    "Température": "Frais",
    "Conditionnement": "Par sachet de 30 g.",
    "Unité de commande": "sachet",
    "Prix": "0,95 EUR",
    "Prix à l'unité de mesure": "31,73 EUR / kg",
    "Prix à la portion": "",
    "DLC garantie au client": "4 jour(s)"
  },
  {
    "Rayon": "Fruits et Légumes",
    "Libellé produit": "Champignon pleurote gros. catégorie 1",
    "Marque": "STKFL",
    "Code Produit": "008884",
    "Température": "Frais",
    "Conditionnement": "Par colis de 2 kg.",
    "Unité de commande": "colis",
    "Prix": "13,81 EUR",
    "Prix à l'unité de mesure": "6,91 EUR / kg",
    "Prix à la portion": "",
    "DLC garantie au client": "4 jour(s)"
  },
  {
    "Rayon": "Fruits et Légumes",
    "Libellé produit": "Piment vert. Catégorie 1",
    "Marque": "STKFL",
    "Code Produit": "008906",
    "Température": "Frais",
    "Conditionnement": "Par colis de 4 kg.",
    "Unité de commande": "colis",
    "Prix": "13,51 EUR",
    "Prix à l'unité de mesure": "3,38 EUR / kg",
    "Prix à la portion": "",
    "DLC garantie au client": ""
  },
  {
    "Rayon": "Fruits et Légumes",
    "Libellé produit": "Pois gourmand. catégorie 1",
    "Marque": "STKFL",
    "Code Produit": "008910",
    "Température": "Frais",
    "Conditionnement": "Par barquette de 250 g.",
    "Unité de commande": "barquette",
    "Prix": "2,24 EUR",
    "Prix à l'unité de mesure": "8,94 EUR / kg",
    "Prix à la portion": "",
    "DLC garantie au client": "3 jour(s)"
  },
  {
    "Rayon": "Fruits et Légumes",
    "Libellé produit": "CHAMPIGNON SHIMEJI BLANC. SACHET DE 150 G",
    "Marque": "STKFL",
    "Code Produit": "008911",
    "Température": "Frais",
    "Conditionnement": "Par barquette de 150 g.",
    "Unité de commande": "barquette",
    "Prix": "1,40 EUR",
    "Prix à l'unité de mesure": "9,31 EUR / kg",
    "Prix à la portion": "",
    "DLC garantie au client": ""
  },
  {
    "Rayon": "Fruits et Légumes",
    "Libellé produit": "Piment oiseaux rouge. catégorie 1",
    "Marque": "STKFL",
    "Code Produit": "008913",
    "Température": "Frais",
    "Conditionnement": "Par barquette de 100 g.",
    "Unité de commande": "barquette",
    "Prix": "2,47 EUR",
    "Prix à l'unité de mesure": "24,67 EUR / kg",
    "Prix à la portion": "",
    "DLC garantie au client": ""
  },
  {
    "Rayon": "Fruits et Légumes",
    "Libellé produit": "Poivron rouge catégorie 1. Espagne",
    "Marque": "STKFL",
    "Code Produit": "008940",
    "Température": "Frais",
    "Conditionnement": "Par filet de 1 kg.",
    "Unité de commande": "filet",
    "Prix": "3,34 EUR",
    "Prix à l'unité de mesure": "3,34 EUR / kg",
    "Prix à la portion": "",
    "DLC garantie au client": "4 jour(s)"
  },
  {
    "Rayon": "Fruits et Légumes",
    "Libellé produit": "Poivron vert catégorie 1",
    "Marque": "STKFL",
    "Code Produit": "008941",
    "Température": "Frais",
    "Conditionnement": "Par filet de 1 kg.",
    "Unité de commande": "filet",
    "Prix": "3,20 EUR",
    "Prix à l'unité de mesure": "3,20 EUR / kg",
    "Prix à la portion": "",
    "DLC garantie au client": "4 jour(s)"
  },
  {
    "Rayon": "Fruits et Légumes",
    "Libellé produit": "Aubergine 3/4. catégorie 1",
    "Marque": "STKFL",
    "Code Produit": "008942",
    "Température": "Frais",
    "Conditionnement": "Par filet de 1 kg.",
    "Unité de commande": "filet",
    "Prix": "3,51 EUR",
    "Prix à l'unité de mesure": "3,51 EUR / kg",
    "Prix à la portion": "",
    "DLC garantie au client": ""
  },
  {
    "Rayon": "Fruits et Légumes",
    "Libellé produit": "Menthe Espagne. catégorie 1",
    "Marque": "STKFL",
    "Code Produit": "008949",
    "Température": "Frais",
    "Conditionnement": "Par colis de 1 kg.",
    "Unité de commande": "colis",
    "Prix": "8,40 EUR",
    "Prix à l'unité de mesure": "8,40 EUR / kg",
    "Prix à la portion": "",
    "DLC garantie au client": ""
  },
  {
    "Rayon": "Fruits et Légumes",
    "Libellé produit": "Endive France catégorie 1",
    "Marque": "STKFL",
    "Code Produit": "008951",
    "Température": "Frais",
    "Conditionnement": "Par sachet de 1 kg. Colis de 10 sachets.",
    "Unité de commande": "sachet",
    "Prix": "2,39 EUR",
    "Prix à l'unité de mesure": "2,39 EUR / kg",
    "Prix à la portion": "23,87 EUR / colis",
    "DLC garantie au client": ""
  },
  {
    "Rayon": "Fruits et Légumes",
    "Libellé produit": "Mâche. catégorie 1. France",
    "Marque": "STKFL",
    "Code Produit": "008965",
    "Température": "Frais",
    "Conditionnement": "Par colis de 1 kg.",
    "Unité de commande": "colis",
    "Prix": "5,51 EUR",
    "Prix à l'unité de mesure": "5,51 EUR / kg",
    "Prix à la portion": "",
    "DLC garantie au client": "3 jour(s)"
  },
  {
    "Rayon": "Fruits et Légumes",
    "Libellé produit": "Radis rose. catégorie 1. France",
    "Marque": "STKFL",
    "Code Produit": "008966",
    "Température": "Frais",
    "Conditionnement": "Pièce de 300 g. Colis de 12 pièces.",
    "Unité de commande": "colis",
    "Prix": "10,87 EUR",
    "Prix à l'unité de mesure": "3,02 EUR / kg",
    "Prix à la portion": "0,91 EUR / pièce",
    "DLC garantie au client": ""
  },
  {
    "Rayon": "Fruits et Légumes",
    "Libellé produit": "Kiwi Cal33. catégorie 1",
    "Marque": "STKFL",
    "Code Produit": "008988",
    "Température": "Frais",
    "Conditionnement": "Pièce de 90 g. Colis de 33 pièces.",
    "Unité de commande": "colis",
    "Prix": "17,23 EUR",
    "Prix à l'unité de mesure": "5,80 EUR / kg",
    "Prix à la portion": "0,52 EUR / pièce",
    "DLC garantie au client": ""
  },
  {
    "Rayon": "Fruits et Légumes",
    "Libellé produit": "Tomate ronde 82/102. catégorie 1",
    "Marque": "STKFL",
    "Code Produit": "008997",
    "Température": "Frais",
    "Conditionnement": "Par colis de 7 kg.",
    "Unité de commande": "colis",
    "Prix": "14,34 EUR",
    "Prix à l'unité de mesure": "2,05 EUR / kg",
    "Prix à la portion": "",
    "DLC garantie au client": "4 jour(s)"
  },
  {
    "Rayon": "Fruits et Légumes",
    "Libellé produit": "Courgette calibre 14/21. France",
    "Marque": "STKFL",
    "Code Produit": "009020",
    "Température": "Frais",
    "Conditionnement": "Par colis de 5 kg.",
    "Unité de commande": "colis",
    "Prix": "10,58 EUR",
    "Prix à l'unité de mesure": "2,12 EUR / kg",
    "Prix à la portion": "",
    "DLC garantie au client": ""
  },
  {
    "Rayon": "Fruits et Légumes",
    "Libellé produit": "Physalis colombie",
    "Marque": "STKFL",
    "Code Produit": "009030",
    "Température": "Frais",
    "Conditionnement": "Barquette de 100 g. Colis de 12 barquettes.",
    "Unité de commande": "colis",
    "Prix": "16,58 EUR",
    "Prix à l'unité de mesure": "13,82 EUR / kg",
    "Prix à la portion": "1,38 EUR / barquette",
    "DLC garantie au client": "3 jour(s)"
  },
  {
    "Rayon": "Fruits et Légumes",
    "Libellé produit": "Aubergine 300/400 g. catégorie 1",
    "Marque": "STKFL",
    "Code Produit": "009038",
    "Température": "Frais",
    "Conditionnement": "Par colis de 5 kg.",
    "Unité de commande": "colis",
    "Prix": "14,65 EUR",
    "Prix à l'unité de mesure": "2,93 EUR / kg",
    "Prix à la portion": "",
    "DLC garantie au client": ""
  },
  {
    "Rayon": "Fruits et Légumes",
    "Libellé produit": "Champignon blanc paris pc. catégorie 1",
    "Marque": "STKFL",
    "Code Produit": "009044",
    "Température": "Frais",
    "Conditionnement": "Par colis de 3 kg.",
    "Unité de commande": "colis",
    "Prix": "11,15 EUR",
    "Prix à l'unité de mesure": "3,72 EUR / kg",
    "Prix à la portion": "",
    "DLC garantie au client": "4 jour(s)"
  },
  {
    "Rayon": "Fruits et Légumes",
    "Libellé produit": "Fruit de la passion. catégorie 1",
    "Marque": "AFL",
    "Code Produit": "009051",
    "Température": "Frais",
    "Conditionnement": "Par colis de 2 kg.",
    "Unité de commande": "colis",
    "Prix": "23,58 EUR",
    "Prix à l'unité de mesure": "11,79 EUR / kg",
    "Prix à la portion": "",
    "DLC garantie au client": ""
  },
  {
    "Rayon": "Fruits et Légumes",
    "Libellé produit": "Oignon blanc D60/80. catégorie 2",
    "Marque": "AFL",
    "Code Produit": "009057",
    "Température": "Frais",
    "Conditionnement": "Par colis de 10 kg.",
    "Unité de commande": "colis",
    "Prix": "22,79 EUR",
    "Prix à l'unité de mesure": "2,28 EUR / kg",
    "Prix à la portion": "",
    "DLC garantie au client": "4 jour(s)"
  },
  {
    "Rayon": "Fruits et Légumes",
    "Libellé produit": "Radis rouge. catégorie 1. sachet de 1kg",
    "Marque": "STKFL",
    "Code Produit": "009071",
    "Température": "Frais",
    "Conditionnement": "Par sachet de 1 kg.",
    "Unité de commande": "sachet",
    "Prix": "3,20 EUR",
    "Prix à l'unité de mesure": "3,20 EUR / kg",
    "Prix à la portion": "",
    "DLC garantie au client": ""
  },
  {
    "Rayon": "Fruits et Légumes",
    "Libellé produit": "Tomate allongée 47/57. catégorie 1",
    "Marque": "STKFL",
    "Code Produit": "009072",
    "Température": "Frais",
    "Conditionnement": "Par colis de 6 kg.",
    "Unité de commande": "colis",
    "Prix": "15,55 EUR",
    "Prix à l'unité de mesure": "2,59 EUR / kg",
    "Prix à la portion": "",
    "DLC garantie au client": "3 jour(s)"
  },
  {
    "Rayon": "Fruits et Légumes",
    "Libellé produit": "Tomate équeutée 57/64. catégorie 1",
    "Marque": "STKFL",
    "Code Produit": "009077",
    "Température": "Frais",
    "Conditionnement": "Par colis de 6 kg.",
    "Unité de commande": "colis",
    "Prix": "12,29 EUR",
    "Prix à l'unité de mesure": "2,05 EUR / kg",
    "Prix à la portion": "",
    "DLC garantie au client": "4 jour(s)"
  },
  {
    "Rayon": "Fruits et Légumes",
    "Libellé produit": "POIREAU EMINCE",
    "Marque": "ROSEE DES CHAMPS",
    "Code Produit": "009085",
    "Température": "Frais",
    "Conditionnement": "Par sachet de 1 kg.",
    "Unité de commande": "sachet",
    "Prix": "4,31 EUR",
    "Prix à l'unité de mesure": "4,31 EUR / kg",
    "Prix à la portion": "",
    "DLC garantie au client": "4 jour(s)"
  },
  {
    "Rayon": "Fruits et Légumes",
    "Libellé produit": "CELERI RAVE QUARTIER",
    "Marque": "ROSEE DES CHAMPS",
    "Code Produit": "009088",
    "Température": "Frais",
    "Conditionnement": "Par sachet de 1 kg.",
    "Unité de commande": "sachet",
    "Prix": "2,79 EUR",
    "Prix à l'unité de mesure": "2,79 EUR / kg",
    "Prix à la portion": "",
    "DLC garantie au client": "3 jour(s)"
  },
  {
    "Rayon": "Fruits et Légumes",
    "Libellé produit": "ECHALOTE ENTIERE",
    "Marque": "ROSEE DES CHAMPS",
    "Code Produit": "009089",
    "Température": "Frais",
    "Conditionnement": "Par colis de 1 kg.",
    "Unité de commande": "colis",
    "Prix": "7,72 EUR",
    "Prix à l'unité de mesure": "7,72 EUR / kg",
    "Prix à la portion": "",
    "DLC garantie au client": "4 jour(s)"
  },
  {
    "Rayon": "Fruits et Légumes",
    "Libellé produit": "NAVET QUARTIER",
    "Marque": "ROSEE DES CHAMPS",
    "Code Produit": "009090",
    "Température": "Frais",
    "Conditionnement": "Par sachet de 1 kg.",
    "Unité de commande": "sachet",
    "Prix": "3,05 EUR",
    "Prix à l'unité de mesure": "3,05 EUR / kg",
    "Prix à la portion": "",
    "DLC garantie au client": "4 jour(s)"
  },
  {
    "Rayon": "Fruits et Légumes",
    "Libellé produit": "RADIS RAPE",
    "Marque": "ROSEE DES CHAMPS",
    "Code Produit": "009091",
    "Température": "Frais",
    "Conditionnement": "Par sachet de 1 kg.",
    "Unité de commande": "sachet",
    "Prix": "6,06 EUR",
    "Prix à l'unité de mesure": "6,06 EUR / kg",
    "Prix à la portion": "",
    "DLC garantie au client": "4 jour(s)"
  },
  {
    "Rayon": "Accompagnements Assaisonnement",
    "Libellé produit": "Maizena fleur de mais",
    "Marque": "MAIZENA",
    "Code Produit": "011692",
    "Température": "Ambiant",
    "Conditionnement": "Par boite de 700 g. Colis de 12 boites.",
    "Unité de commande": "boite",
    "Prix": "5,07 EUR",
    "Prix à l'unité de mesure": "7,24 EUR / kg",
    "Prix à la portion": "60,80 EUR / colis",
    "DLC garantie au client": "30 jour(s)"
  },
  {
    "Rayon": "Accompagnements Assaisonnement",
    "Libellé produit": "Spaghetti. qualité supérieure",
    "Marque": "PANZANI",
    "Code Produit": "013003",
    "Température": "Ambiant",
    "Conditionnement": "Par sac de 5 kg.",
    "Unité de commande": "sac",
    "Prix": "16,18 EUR",
    "Prix à l'unité de mesure": "3,24 EUR / kg",
    "Prix à la portion": "",
    "DLC garantie au client": "30 jour(s)"
  },
  {
    "Rayon": "Accompagnements Assaisonnement",
    "Libellé produit": "Coquillette. qualité supérieure",
    "Marque": "PANZANI",
    "Code Produit": "013037",
    "Température": "Ambiant",
    "Conditionnement": "Par sac de 5 kg.",
    "Unité de commande": "sac",
    "Prix": "15,83 EUR",
    "Prix à l'unité de mesure": "3,17 EUR / kg",
    "Prix à la portion": "",
    "DLC garantie au client": "30 jour(s)"
  },
  {
    "Rayon": "Pâtisserie Biscuiterie Confiserie",
    "Libellé produit": "Cacao en poudre plein arôme. 100%",
    "Marque": "CACAO BARRY",
    "Code Produit": "013763",
    "Température": "Ambiant",
    "Conditionnement": "Par sachet de 1 kg. Colis de 6 sachets.",
    "Unité de commande": "sachet",
    "Prix": "21,82 EUR",
    "Prix à l'unité de mesure": "21,82 EUR / kg",
    "Prix à la portion": "130,90 EUR / colis",
    "DLC garantie au client": "30 jour(s)"
  },
  {
    "Rayon": "Épicerie",
    "Libellé produit": "Chocolat poudre instantané. 32 % cacao. dose de 20 g",
    "Marque": "OKAKAO",
    "Code Produit": "015503",
    "Température": "Ambiant",
    "Conditionnement": "Portion de 20 g. Colis de 100 portions.",
    "Unité de commande": "colis",
    "Prix": "17,51 EUR",
    "Prix à l'unité de mesure": "8,75 EUR / kg",
    "Prix à la portion": "0,18 EUR / Portion",
    "DLC garantie au client": "30 jour(s)"
  },
  {
    "Rayon": "Pâtisserie Biscuiterie Confiserie",
    "Libellé produit": "Cacao en poudre extra brute. 100%",
    "Marque": "CACAO BARRY",
    "Code Produit": "016345",
    "Température": "Ambiant",
    "Conditionnement": "Par sachet de 1 kg. Colis de 6 sachets.",
    "Unité de commande": "sachet",
    "Prix": "18,76 EUR",
    "Prix à l'unité de mesure": "18,76 EUR / kg",
    "Prix à la portion": "112,55 EUR / colis",
    "DLC garantie au client": "30 jour(s)"
  },
  {
    "Rayon": "Fruits et Légumes",
    "Libellé produit": "Aubergine longue violette. catégorie 1. France",
    "Marque": "STKFL",
    "Code Produit": "017150",
    "Température": "Frais",
    "Conditionnement": "Par colis de 6 kg.",
    "Unité de commande": "colis",
    "Prix": "53,39 EUR",
    "Prix à l'unité de mesure": "8,90 EUR / kg",
    "Prix à la portion": "",
    "DLC garantie au client": ""
  },
  {
    "Rayon": "Accompagnements Assaisonnement",
    "Libellé produit": "Moutarde de Dijon",
    "Marque": "AMORA",
    "Code Produit": "019927",
    "Température": "Ambiant",
    "Conditionnement": "Par seau de 5 kg.",
    "Unité de commande": "seau",
    "Prix": "22,77 EUR",
    "Prix à l'unité de mesure": "4,55 EUR / kg",
    "Prix à la portion": "",
    "DLC garantie au client": "30 jour(s)"
  },
  {
    "Rayon": "Pâtisserie Biscuiterie Confiserie",
    "Libellé produit": "Sucre semoule pâtissière -400",
    "Marque": "BEGHIN SAY",
    "Code Produit": "021295",
    "Température": "Ambiant",
    "Conditionnement": "Par sac de 10 kg.",
    "Unité de commande": "sac",
    "Prix": "12,33 EUR",
    "Prix à l'unité de mesure": "1,23 EUR / kg",
    "Prix à la portion": "",
    "DLC garantie au client": ""
  },
  {
    "Rayon": "Accompagnements Assaisonnement",
    "Libellé produit": "Saveur des potages. arôme patrelle",
    "Marque": "SAVEUR DES POTAGES",
    "Code Produit": "021550",
    "Température": "Ambiant",
    "Conditionnement": "Par bouteille de 1 litre. Colis de 6 bouteilles.",
    "Unité de commande": "bouteille",
    "Prix": "11,77 EUR",
    "Prix à l'unité de mesure": "11,77 EUR / L",
    "Prix à la portion": "70,61 EUR / colis",
    "DLC garantie au client": "30 jour(s)"
  },
  {
    "Rayon": "Accompagnements Assaisonnement",
    "Libellé produit": "Couscous moyen",
    "Marque": "LA GAZELLE",
    "Code Produit": "021824",
    "Température": "Ambiant",
    "Conditionnement": "Par sac de 5 kg.",
    "Unité de commande": "sac",
    "Prix": "8,42 EUR",
    "Prix à l'unité de mesure": "1,68 EUR / kg",
    "Prix à la portion": "",
    "DLC garantie au client": "30 jour(s)"
  },
  {
    "Rayon": "Accompagnements Assaisonnement",
    "Libellé produit": "Riz long étuvé",
    "Marque": "BEN'S ORIGINAL",
    "Code Produit": "023424",
    "Température": "Ambiant",
    "Conditionnement": "Par sac de 5 kg. Colis de 3 sacs.",
    "Unité de commande": "sac",
    "Prix": "26,69 EUR",
    "Prix à l'unité de mesure": "5,34 EUR / kg",
    "Prix à la portion": "80,07 EUR / colis",
    "DLC garantie au client": "30 jour(s)"
  },
  {
    "Rayon": "Pâtisserie Biscuiterie Confiserie",
    "Libellé produit": "Biscuit petit carré. caramel chocolat lait",
    "Marque": "MICHEL ET AUGUSTIN",
    "Code Produit": "031831",
    "Température": "Ambiant",
    "Conditionnement": "Colis de 18 portions.",
    "Unité de commande": "colis",
    "Prix": "16,94 EUR",
    "Prix à l'unité de mesure": "",
    "Prix à la portion": "0,94 EUR / Portion",
    "DLC garantie au client": "15 jour(s)"
  },
  {
    "Rayon": "Desserts Glaces",
    "Libellé produit": "Mini tartelette sucrée pur. beurre",
    "Marque": "JEAN DUCOURTIEUX",
    "Code Produit": "032094",
    "Température": "Ambiant",
    "Conditionnement": "Portion de 5.6 g. Colis de 240 portions.",
    "Unité de commande": "colis",
    "Prix": "40,52 EUR",
    "Prix à l'unité de mesure": "30,15 EUR / kg",
    "Prix à la portion": "0,17 EUR / Portion",
    "DLC garantie au client": "30 jour(s)"
  },
  {
    "Rayon": "Pâtisserie Biscuiterie Confiserie",
    "Libellé produit": "Blanc d'oeuf en poudre",
    "Marque": "PATRELLE",
    "Code Produit": "052414",
    "Température": "Ambiant",
    "Conditionnement": "Par pot de 1 kg. Colis de 3 pots.",
    "Unité de commande": "pot",
    "Prix": "41,06 EUR",
    "Prix à l'unité de mesure": "41,06 EUR / kg",
    "Prix à la portion": "123,18 EUR / colis",
    "DLC garantie au client": "30 jour(s)"
  },
  {
    "Rayon": "Crèmerie Œufs Fromages",
    "Libellé produit": "Fromage frais campagne. 6 % m.g.",
    "Marque": "SAVEUR D'AUTREFOIS",
    "Code Produit": "054924",
    "Température": "Frais",
    "Conditionnement": "Par seau de 5 kg.",
    "Unité de commande": "seau",
    "Prix": "11,73 EUR",
    "Prix à l'unité de mesure": "2,35 EUR / kg",
    "Prix à la portion": "",
    "DLC garantie au client": "7 jour(s)"
  },
  {
    "Rayon": "Crèmerie Œufs Fromages",
    "Libellé produit": "Emmental 29 % m.g.",
    "Marque": "ENTREMONT",
    "Code Produit": "056374",
    "Température": "Frais",
    "Conditionnement": "Portion de 16.667 g. Coffret de 30 portions.",
    "Unité de commande": "coffret",
    "Prix": "11,16 EUR",
    "Prix à l'unité de mesure": "22,31 EUR / kg",
    "Prix à la portion": "0,37 EUR / Portion",
    "DLC garantie au client": "7 jour(s)"
  },
  {
    "Rayon": "Crèmerie Œufs Fromages",
    "Libellé produit": "St môret nature calcium et. enrichi en vitamine d rÕduit. en sel 19.4% m.g.",
    "Marque": "ST MORET",
    "Code Produit": "056556",
    "Température": "Frais",
    "Conditionnement": "Portion de 25 g. Coffret de 24 portions.",
    "Unité de commande": "coffret",
    "Prix": "9,52 EUR",
    "Prix à l'unité de mesure": "15,86 EUR / kg",
    "Prix à la portion": "0,40 EUR / Portion",
    "DLC garantie au client": "7 jour(s)"
  },
  {
    "Rayon": "Crèmerie Œufs Fromages",
    "Libellé produit": "Camembert 20 % m.g.",
    "Marque": "PRESIDENT",
    "Code Produit": "057653",
    "Température": "Frais",
    "Conditionnement": "Portion de 30 g. Boite de 8 portions.",
    "Unité de commande": "boite",
    "Prix": "2,96 EUR",
    "Prix à l'unité de mesure": "12,33 EUR / kg",
    "Prix à la portion": "0,37 EUR / Portion",
    "DLC garantie au client": "7 jour(s)"
  },
  {
    "Rayon": "Épicerie",
    "Libellé produit": "Nescafé sélection",
    "Marque": "NESCAFE",
    "Code Produit": "059808",
    "Température": "Ambiant",
    "Conditionnement": "Portion de 2 g. Colis de 300 portions.",
    "Unité de commande": "colis",
    "Prix": "60,87 EUR",
    "Prix à l'unité de mesure": "101,44 EUR / kg",
    "Prix à la portion": "0,20 EUR / Portion",
    "DLC garantie au client": "30 jour(s)"
  },
  {
    "Rayon": "Pâtisserie Biscuiterie Confiserie",
    "Libellé produit": "Galette pur beurre x 2",
    "Marque": "ST MICHEL",
    "Code Produit": "069559",
    "Température": "Ambiant",
    "Conditionnement": "Portion de 13 g. Colis de 200 portions.",
    "Unité de commande": "colis",
    "Prix": "29,47 EUR",
    "Prix à l'unité de mesure": "11,33 EUR / kg",
    "Prix à la portion": "0,15 EUR / Portion",
    "DLC garantie au client": "30 jour(s)"
  },
  {
    "Rayon": "Accompagnements Assaisonnement",
    "Libellé produit": "Mise en place Pesto. basilic et ail",
    "Marque": "KNORR",
    "Code Produit": "070763",
    "Température": "Ambiant",
    "Conditionnement": "Par pot de 340 g. Colis de 2 pots.",
    "Unité de commande": "pot",
    "Prix": "13,84 EUR",
    "Prix à l'unité de mesure": "40,72 EUR / kg",
    "Prix à la portion": "27,69 EUR / colis",
    "DLC garantie au client": "30 jour(s)"
  },
  {
    "Rayon": "Accompagnements Assaisonnement",
    "Libellé produit": "Bouillon de Volaille. Déshydraté 1kg jusqu'à 50L",
    "Marque": "KNORR",
    "Code Produit": "070813",
    "Température": "Ambiant",
    "Conditionnement": "Par boite de 1 kg. Colis de 6 boites.",
    "Unité de commande": "boite",
    "Prix": "14,53 EUR",
    "Prix à l'unité de mesure": "14,53 EUR / kg",
    "Prix à la portion": "87,17 EUR / colis",
    "DLC garantie au client": "30 jour(s)"
  },
  {
    "Rayon": "Desserts Glaces",
    "Libellé produit": "Pâte de marrons confits",
    "Marque": "CLEMENT FAUGIER",
    "Code Produit": "072033",
    "Température": "Ambiant",
    "Conditionnement": "Par boite de 1 kg. Colis de 12 boites.",
    "Unité de commande": "boite",
    "Prix": "7,32 EUR",
    "Prix à l'unité de mesure": "7,32 EUR / kg",
    "Prix à la portion": "87,88 EUR / colis",
    "DLC garantie au client": "30 jour(s)"
  },
  {
    "Rayon": "Pâtisserie Biscuiterie Confiserie",
    "Libellé produit": "Extrait de café",
    "Marque": "FORARO",
    "Code Produit": "073544",
    "Température": "Ambiant",
    "Conditionnement": "Par bouteille de 1 litre. Colis de 12 bouteilles.",
    "Unité de commande": "bouteille",
    "Prix": "21,53 EUR",
    "Prix à l'unité de mesure": "21,53 EUR / L",
    "Prix à la portion": "258,40 EUR / colis",
    "DLC garantie au client": "30 jour(s)"
  },
  {
    "Rayon": "Épicerie",
    "Libellé produit": "Cubes d'écorces orange. confits - 6mm",
    "Marque": "APTUNION",
    "Code Produit": "074237",
    "Température": "Ambiant",
    "Conditionnement": "Par boite de 1 kg. Colis de 12 boites.",
    "Unité de commande": "boite",
    "Prix": "8,39 EUR",
    "Prix à l'unité de mesure": "8,39 EUR / kg",
    "Prix à la portion": "100,62 EUR / colis",
    "DLC garantie au client": "30 jour(s)"
  },
  {
    "Rayon": "Fruits et Légumes",
    "Libellé produit": "Iceberg lanière",
    "Marque": "FLORETTE",
    "Code Produit": "081072",
    "Température": "Frais",
    "Conditionnement": "Par sachet de 1 kg. Colis de 8 sachets.",
    "Unité de commande": "sachet",
    "Prix": "4,07 EUR",
    "Prix à l'unité de mesure": "4,07 EUR / kg",
    "Prix à la portion": "32,55 EUR / colis",
    "DLC garantie au client": "3 jour(s)"
  },
  {
    "Rayon": "Desserts Glaces",
    "Libellé produit": "Compote de pommes. allégée en sucres. hve",
    "Marque": "ST MAMET",
    "Code Produit": "081836",
    "Température": "Ambiant",
    "Conditionnement": "Portion de 100 g. Colis de 120 portions.",
    "Unité de commande": "colis",
    "Prix": "28,12 EUR",
    "Prix à l'unité de mesure": "2,34 EUR / kg",
    "Prix à la portion": "0,23 EUR / Portion",
    "DLC garantie au client": "30 jour(s)"
  },
  {
    "Rayon": "Accompagnements Assaisonnement",
    "Libellé produit": "Spaghetti. qualité supérieure",
    "Marque": "BARILLA",
    "Code Produit": "085316",
    "Température": "Ambiant",
    "Conditionnement": "Par sac de 5 kg. Colis de 3 sacs.",
    "Unité de commande": "sac",
    "Prix": "19,30 EUR",
    "Prix à l'unité de mesure": "3,86 EUR / kg",
    "Prix à la portion": "57,89 EUR / colis",
    "DLC garantie au client": "30 jour(s)"
  },
  {
    "Rayon": "Crèmerie Œufs Fromages",
    "Libellé produit": "Beurre doux 82 % m.g.. Flechard",
    "Marque": "FLECHARD",
    "Code Produit": "085373",
    "Température": "Frais",
    "Conditionnement": "Par colis de 25 kg.",
    "Unité de commande": "colis",
    "Prix": "230,45 EUR",
    "Prix à l'unité de mesure": "9,22 EUR / kg",
    "Prix à la portion": "",
    "DLC garantie au client": "7 jour(s)"
  },
  {
    "Rayon": "Accompagnements Assaisonnement",
    "Libellé produit": "Gelée claire. pour 20 litres",
    "Marque": "CHEF",
    "Code Produit": "093377",
    "Température": "Ambiant",
    "Conditionnement": "Par boite de 1 kg. Colis de 6 boites.",
    "Unité de commande": "boite",
    "Prix": "21,15 EUR",
    "Prix à l'unité de mesure": "21,15 EUR / kg",
    "Prix à la portion": "126,92 EUR / colis",
    "DLC garantie au client": "30 jour(s)"
  },
  {
    "Rayon": "Accompagnements Assaisonnement",
    "Libellé produit": "Penne rigate. qualité supérieure",
    "Marque": "BARILLA",
    "Code Produit": "098699",
    "Température": "Ambiant",
    "Conditionnement": "Par sac de 5 kg. Colis de 3 sacs.",
    "Unité de commande": "sac",
    "Prix": "17,76 EUR",
    "Prix à l'unité de mesure": "3,55 EUR / kg",
    "Prix à la portion": "53,28 EUR / colis",
    "DLC garantie au client": "30 jour(s)"
  },
  {
    "Rayon": "Épicerie",
    "Libellé produit": "Demi poire au jus (A10)",
    "Marque": "DEL MONTE",
    "Code Produit": "099095",
    "Température": "Ambiant",
    "Conditionnement": "Par boite 3/1 de 3.005 kg. Colis de 3 boites 3/1.",
    "Unité de commande": "boite 3/1",
    "Prix": "10,75 EUR",
    "Prix à l'unité de mesure": "3,58 EUR / kg",
    "Prix à la portion": "32,24 EUR / colis",
    "DLC garantie au client": "30 jour(s)"
  },
  {
    "Rayon": "Épicerie",
    "Libellé produit": "Pêche oreillon au jus 1/2",
    "Marque": "DEL MONTE",
    "Code Produit": "099096",
    "Température": "Ambiant",
    "Conditionnement": "Par boite 1/2 de 415 g. Colis de 12 boites 1/2.",
    "Unité de commande": "boite 1/2",
    "Prix": "1,44 EUR",
    "Prix à l'unité de mesure": "3,47 EUR / kg",
    "Prix à la portion": "17,28 EUR / colis",
    "DLC garantie au client": "30 jour(s)"
  },
  {
    "Rayon": "Épicerie",
    "Libellé produit": "Abricot oreillon jus 3/1 (A10)",
    "Marque": "DEL MONTE",
    "Code Produit": "099097",
    "Température": "Ambiant",
    "Conditionnement": "Par boite 3/1 de 3.05 kg. Colis de 3 boites 3/1.",
    "Unité de commande": "boite 3/1",
    "Prix": "10,80 EUR",
    "Prix à l'unité de mesure": "3,54 EUR / kg",
    "Prix à la portion": "32,39 EUR / colis",
    "DLC garantie au client": "30 jour(s)"
  },
  {
    "Rayon": "Épicerie",
    "Libellé produit": "Peche oreillon jus 3/1 (A10)",
    "Marque": "DEL MONTE",
    "Code Produit": "099099",
    "Température": "Ambiant",
    "Conditionnement": "Par boite 3/1 de 3.005 kg. Colis de 3 boites 3/1.",
    "Unité de commande": "boite 3/1",
    "Prix": "9,86 EUR",
    "Prix à l'unité de mesure": "3,28 EUR / kg",
    "Prix à la portion": "29,59 EUR / colis",
    "DLC garantie au client": "30 jour(s)"
  },
  {
    "Rayon": "Épicerie",
    "Libellé produit": "Nesquik",
    "Marque": "NESQUIK",
    "Code Produit": "099432",
    "Température": "Ambiant",
    "Conditionnement": "Par boite de 1 kg. Colis de 12 boites.",
    "Unité de commande": "boite",
    "Prix": "11,87 EUR",
    "Prix à l'unité de mesure": "11,87 EUR / kg",
    "Prix à la portion": "142,45 EUR / colis",
    "DLC garantie au client": "30 jour(s)"
  },
  {
    "Rayon": "Épicerie",
    "Libellé produit": "Pâte à tartiner spéculoos",
    "Marque": "LOTUS BISCOFF",
    "Code Produit": "100300",
    "Température": "Ambiant",
    "Conditionnement": "Par pot de 720 g. Colis de 6 pots.",
    "Unité de commande": "pot",
    "Prix": "7,35 EUR",
    "Prix à l'unité de mesure": "10,21 EUR / kg",
    "Prix à la portion": "44,09 EUR / colis",
    "DLC garantie au client": "30 jour(s)"
  },
  {
    "Rayon": "Accompagnements Assaisonnement",
    "Libellé produit": "Ketchup california",
    "Marque": "LESIEUR",
    "Code Produit": "100567",
    "Température": "Ambiant",
    "Conditionnement": "Par flacon de 970 ml. Colis de 6 flacons.",
    "Unité de commande": "flacon",
    "Prix": "6,01 EUR",
    "Prix à l'unité de mesure": "6,20 EUR / L",
    "Prix à la portion": "36,08 EUR / colis",
    "DLC garantie au client": "30 jour(s)"
  },
  {
    "Rayon": "Charcuterie Traiteur",
    "Libellé produit": "Jambon supérieur dd cuit. au torchon vpf",
    "Marque": "MADRANGE",
    "Code Produit": "100623",
    "Température": "Frais",
    "Conditionnement": "Portion de 45 g. Barquette de 16 portions.",
    "Unité de commande": "barquette",
    "Prix": "9,72 EUR",
    "Prix à l'unité de mesure": "13,50 EUR / kg",
    "Prix à la portion": "0,61 EUR / Portion",
    "DLC garantie au client": "7 jour(s)"
  },
  {
    "Rayon": "Boissons",
    "Libellé produit": "Jus de pomme douce",
    "Marque": "TROPICANA",
    "Code Produit": "100801",
    "Température": "Ambiant",
    "Conditionnement": "Par bag in box de 3 litre. Colis de 3 bags in box.",
    "Unité de commande": "bag in box",
    "Prix": "13,53 EUR",
    "Prix à l'unité de mesure": "4,51 EUR / L",
    "Prix à la portion": "40,59 EUR / colis",
    "DLC garantie au client": "30 jour(s)"
  },
  {
    "Rayon": "Épicerie",
    "Libellé produit": "Ananas tranche entière. préservés",
    "Marque": "MARTIN'S",
    "Code Produit": "100890",
    "Température": "Ambiant",
    "Conditionnement": "Par boite 3/4 de 567 g. Colis de 24 boites 3/4.",
    "Unité de commande": "boite 3/4",
    "Prix": "2,04 EUR",
    "Prix à l'unité de mesure": "3,60 EUR / kg",
    "Prix à la portion": "48,96 EUR / colis",
    "DLC garantie au client": "30 jour(s)"
  },
  {
    "Rayon": "Accompagnements Assaisonnement",
    "Libellé produit": "Sauce anglaise worcester",
    "Marque": "HEINZ",
    "Code Produit": "100949",
    "Température": "Ambiant",
    "Conditionnement": "Par flacon de 150 ml. Colis de 12 flacons.",
    "Unité de commande": "flacon",
    "Prix": "2,82 EUR",
    "Prix à l'unité de mesure": "18,82 EUR / L",
    "Prix à la portion": "33,88 EUR / colis",
    "DLC garantie au client": "30 jour(s)"
  },
  {
    "Rayon": "Accompagnements Assaisonnement",
    "Libellé produit": "Moutarde de Dijon roomservice",
    "Marque": "HEINZ",
    "Code Produit": "100963",
    "Température": "Ambiant",
    "Conditionnement": "Portion de 34 g. Colis de 80 portions.",
    "Unité de commande": "colis",
    "Prix": "63,46 EUR",
    "Prix à l'unité de mesure": "23,33 EUR / kg",
    "Prix à la portion": "0,79 EUR / Portion",
    "DLC garantie au client": "30 jour(s)"
  },
  {
    "Rayon": "Accompagnements Assaisonnement",
    "Libellé produit": "Fleur de maïs Maïzena. express 1 kg",
    "Marque": "KNORR",
    "Code Produit": "101015",
    "Température": "Ambiant",
    "Conditionnement": "Par boite de 1 kg. Colis de 6 boites.",
    "Unité de commande": "boite",
    "Prix": "9,11 EUR",
    "Prix à l'unité de mesure": "9,11 EUR / kg",
    "Prix à la portion": "54,68 EUR / colis",
    "DLC garantie au client": "30 jour(s)"
  },
  {
    "Rayon": "Pâtisserie Biscuiterie Confiserie",
    "Libellé produit": "Farine de blé noir (sarrasin)",
    "Marque": "",
    "Code Produit": "101107",
    "Température": "Ambiant",
    "Conditionnement": "Paquet de 1 kg. Colis de 10 paquets.",
    "Unité de commande": "colis",
    "Prix": "33,05 EUR",
    "Prix à l'unité de mesure": "3,31 EUR / kg",
    "Prix à la portion": "3,31 EUR / paquet",
    "DLC garantie au client": "30 jour(s)"
  },
  {
    "Rayon": "Boissons",
    "Libellé produit": "Jus orange pressée",
    "Marque": "ANDROS",
    "Code Produit": "101288",
    "Température": "Frais",
    "Conditionnement": "Bouteille de 1 litre. Colis de 6 bouteilles.",
    "Unité de commande": "colis",
    "Prix": "22,71 EUR",
    "Prix à l'unité de mesure": "3,79 EUR / L",
    "Prix à la portion": "3,79 EUR / bouteille",
    "DLC garantie au client": "7 jour(s)"
  },
  {
    "Rayon": "Boissons",
    "Libellé produit": "Jus pamplemousse rose",
    "Marque": "ANDROS",
    "Code Produit": "101293",
    "Température": "Frais",
    "Conditionnement": "Bouteille de 1 litre. Colis de 6 bouteilles.",
    "Unité de commande": "colis",
    "Prix": "25,84 EUR",
    "Prix à l'unité de mesure": "4,31 EUR / L",
    "Prix à la portion": "4,31 EUR / bouteille",
    "DLC garantie au client": "7 jour(s)"
  },
  {
    "Rayon": "Viandes Volailles Gibier",
    "Libellé produit": "Steak haché rond façon. bouchère 20% m.g. vbf",
    "Marque": "BEAUVALLET RESTAURATION",
    "Code Produit": "101306",
    "Température": "Frais",
    "Conditionnement": "Portion de 140 g. Colis de 16 portions.",
    "Unité de commande": "colis",
    "Prix": "36,02 EUR",
    "Prix à l'unité de mesure": "16,08 EUR / kg",
    "Prix à la portion": "2,25 EUR / Portion",
    "DLC garantie au client": "5 jour(s)"
  },
  {
    "Rayon": "Accompagnements Assaisonnement",
    "Libellé produit": "Tomate. poche de 5 kg. colis de 2",
    "Marque": "CIRIO",
    "Code Produit": "101334",
    "Température": "Ambiant",
    "Conditionnement": "Portion de 5 kg. Colis de 2 portions.",
    "Unité de commande": "colis",
    "Prix": "20,90 EUR",
    "Prix à l'unité de mesure": "2,09 EUR / kg",
    "Prix à la portion": "10,45 EUR / Portion",
    "DLC garantie au client": "30 jour(s)"
  },
  {
    "Rayon": "Viandes Volailles Gibier",
    "Libellé produit": "Tartare aux couteaux charolais. pur boeuf vbf 3 % m.g.",
    "Marque": "BEAUVALLET RESTAURATION",
    "Code Produit": "101399",
    "Température": "Frais",
    "Conditionnement": "Portion de 180 g. Colis de 16 portions.",
    "Unité de commande": "colis",
    "Prix": "59,24 EUR",
    "Prix à l'unité de mesure": "20,57 EUR / kg",
    "Prix à la portion": "3,70 EUR / Portion",
    "DLC garantie au client": "5 jour(s)"
  },
  {
    "Rayon": "Poissons Coquillages Crustacés",
    "Libellé produit": "Saumon",
    "Marque": "",
    "Code Produit": "101481",
    "Température": "Frais",
    "Conditionnement": "Par pièce de 3.5 kg.",
    "Unité de commande": "pièce",
    "Prix": "37,10 EUR",
    "Prix à l'unité de mesure": "10,60 EUR / kg",
    "Prix à la portion": "",
    "DLC garantie au client": "2 jour(s)"
  },
  {
    "Rayon": "Charcuterie Traiteur",
    "Libellé produit": "chiffonnade de bacon mariné. frit",
    "Marque": "",
    "Code Produit": "101713",
    "Température": "Surgele",
    "Conditionnement": "Par sachet de 1.5 kg. Colis de 4 sachets.",
    "Unité de commande": "sachet",
    "Prix": "25,29 EUR",
    "Prix à l'unité de mesure": "16,86 EUR / kg",
    "Prix à la portion": "101,16 EUR / colis",
    "DLC garantie au client": "30 jour(s)"
  },
  {
    "Rayon": "Crèmerie Œufs Fromages",
    "Libellé produit": "Cheddar rouge jeune s/vide. 33% m.g",
    "Marque": "READY FOR YOU",
    "Code Produit": "101716",
    "Température": "Frais",
    "Conditionnement": "Par pièce de 2.5 kg. Colis de 4 pièces.",
    "Unité de commande": "pièce",
    "Prix": "43,41 EUR",
    "Prix à l'unité de mesure": "17,36 EUR / kg",
    "Prix à la portion": "173,64 EUR / colis",
    "DLC garantie au client": "7 jour(s)"
  },
  {
    "Rayon": "Crèmerie Œufs Fromages",
    "Libellé produit": "Oeuf dur écalé. calibre 43/53",
    "Marque": "OVOTEAM",
    "Code Produit": "101719",
    "Température": "Frais",
    "Conditionnement": "Portion de 72 g. Seau de 75 portions.",
    "Unité de commande": "seau",
    "Prix": "26,32 EUR",
    "Prix à l'unité de mesure": "4,87 EUR / kg",
    "Prix à la portion": "0,35 EUR / Portion",
    "DLC garantie au client": "7 jour(s)"
  },
  {
    "Rayon": "Pains Viennoiserie Pâtes",
    "Libellé produit": "Pain pochon lalos",
    "Marque": "BRIDOR",
    "Code Produit": "101744",
    "Température": "Surgele",
    "Conditionnement": "Portion de 450 g. Colis de 16 portions.",
    "Unité de commande": "colis",
    "Prix": "29,44 EUR",
    "Prix à l'unité de mesure": "4,09 EUR / kg",
    "Prix à la portion": "1,84 EUR / Portion",
    "DLC garantie au client": "30 jour(s)"
  },
  {
    "Rayon": "Épicerie",
    "Libellé produit": "Sirop d'érable",
    "Marque": "MAPLE JOE",
    "Code Produit": "101876",
    "Température": "Ambiant",
    "Conditionnement": "Par bidon de 500 ml. Colis de 6 bidons.",
    "Unité de commande": "bidon",
    "Prix": "9,52 EUR",
    "Prix à l'unité de mesure": "19,03 EUR / L",
    "Prix à la portion": "57,10 EUR / colis",
    "DLC garantie au client": "30 jour(s)"
  },
  {
    "Rayon": "Boissons",
    "Libellé produit": "Vin de table rouge. vin de la communauté. européenne",
    "Marque": "",
    "Code Produit": "101918",
    "Température": "Ambiant",
    "Conditionnement": "Par bag in box de 10 litre.",
    "Unité de commande": "bag in box",
    "Prix": "17,49 EUR",
    "Prix à l'unité de mesure": "1,75 EUR / L",
    "Prix à la portion": "",
    "DLC garantie au client": ""
  },
  {
    "Rayon": "Boissons",
    "Libellé produit": "Vin de table blanc. vin de la communauté. européenne",
    "Marque": "",
    "Code Produit": "101919",
    "Température": "Ambiant",
    "Conditionnement": "Par bag in box de 10 litre.",
    "Unité de commande": "bag in box",
    "Prix": "16,98 EUR",
    "Prix à l'unité de mesure": "1,70 EUR / L",
    "Prix à la portion": "",
    "DLC garantie au client": ""
  },
  {
    "Rayon": "Accompagnements Assaisonnement",
    "Libellé produit": "Riz étuvé indica qualité. supérieure",
    "Marque": "VIVIEN PAILLE",
    "Code Produit": "101994",
    "Température": "Ambiant",
    "Conditionnement": "Par sac de 5 kg.",
    "Unité de commande": "sac",
    "Prix": "11,08 EUR",
    "Prix à l'unité de mesure": "2,22 EUR / kg",
    "Prix à la portion": "",
    "DLC garantie au client": "30 jour(s)"
  },
  {
    "Rayon": "Accompagnements Assaisonnement",
    "Libellé produit": "Purée de gingembre. Knorr Professional",
    "Marque": "KNORR",
    "Code Produit": "102215",
    "Température": "Ambiant",
    "Conditionnement": "Par pot de 750 g. Colis de 2 pots.",
    "Unité de commande": "pot",
    "Prix": "16,12 EUR",
    "Prix à l'unité de mesure": "21,50 EUR / kg",
    "Prix à la portion": "32,25 EUR / colis",
    "DLC garantie au client": "30 jour(s)"
  },
  {
    "Rayon": "Viandes Volailles Gibier",
    "Libellé produit": "Paupiette de dinde. sans porc - sans ficelle",
    "Marque": "GEWY",
    "Code Produit": "102555",
    "Température": "Surgele",
    "Conditionnement": "Portion de 125 g. Colis de 40 portions.",
    "Unité de commande": "colis",
    "Prix": "30,61 EUR",
    "Prix à l'unité de mesure": "6,12 EUR / kg",
    "Prix à la portion": "0,77 EUR / Portion",
    "DLC garantie au client": "30 jour(s)"
  },
  {
    "Rayon": "Accompagnements Assaisonnement",
    "Libellé produit": "Rigatoni n°24",
    "Marque": "DE CECCO",
    "Code Produit": "103321",
    "Température": "Ambiant",
    "Conditionnement": "Par sachet de 500 g. Colis de 24 sachets.",
    "Unité de commande": "sachet",
    "Prix": "1,73 EUR",
    "Prix à l'unité de mesure": "3,47 EUR / kg",
    "Prix à la portion": "41,59 EUR / colis",
    "DLC garantie au client": "30 jour(s)"
  },
  {
    "Rayon": "Poissons Coquillages Crustacés",
    "Libellé produit": "Filet de merlu blanc du cap. meunière sans aretes préfrits",
    "Marque": "",
    "Code Produit": "103552",
    "Température": "Surgele",
    "Conditionnement": "Portion de 121.951 g. Colis de 41 portions.",
    "Unité de commande": "colis",
    "Prix": "58,27 EUR",
    "Prix à l'unité de mesure": "11,65 EUR / kg",
    "Prix à la portion": "1,42 EUR / Portion",
    "DLC garantie au client": "30 jour(s)"
  },
  {
    "Rayon": "Boissons",
    "Libellé produit": "Jus d'orange abc avec pulpe",
    "Marque": "PLEIN FRUIT",
    "Code Produit": "104703",
    "Température": "Ambiant",
    "Conditionnement": "Brick de 1 litre. Colis de 6 bricks.",
    "Unité de commande": "colis",
    "Prix": "18,18 EUR",
    "Prix à l'unité de mesure": "3,03 EUR / L",
    "Prix à la portion": "3,03 EUR / brick",
    "DLC garantie au client": "30 jour(s)"
  },
  {
    "Rayon": "Boissons",
    "Libellé produit": "Jus de pomme france abc",
    "Marque": "PLEIN FRUIT",
    "Code Produit": "104711",
    "Température": "Ambiant",
    "Conditionnement": "Brick de 1 litre. Colis de 6 bricks.",
    "Unité de commande": "colis",
    "Prix": "11,02 EUR",
    "Prix à l'unité de mesure": "1,84 EUR / L",
    "Prix à la portion": "1,84 EUR / brick",
    "DLC garantie au client": "30 jour(s)"
  },
  {
    "Rayon": "Boissons",
    "Libellé produit": "Jus de pamplemousse",
    "Marque": "PLEIN FRUIT",
    "Code Produit": "104745",
    "Température": "Ambiant",
    "Conditionnement": "Brick de 1 litre. Colis de 6 bricks.",
    "Unité de commande": "colis",
    "Prix": "10,84 EUR",
    "Prix à l'unité de mesure": "1,81 EUR / L",
    "Prix à la portion": "1,81 EUR / brick",
    "DLC garantie au client": "30 jour(s)"
  },
  {
    "Rayon": "Accompagnements Assaisonnement",
    "Libellé produit": "ketchup",
    "Marque": "HEINZ",
    "Code Produit": "109066",
    "Température": "Ambiant",
    "Conditionnement": "Par flacon de 570 g. Colis de 12 flacons.",
    "Unité de commande": "flacon",
    "Prix": "3,56 EUR",
    "Prix à l'unité de mesure": "6,25 EUR / kg",
    "Prix à la portion": "42,77 EUR / colis",
    "DLC garantie au client": "30 jour(s)"
  },
  {
    "Rayon": "Accompagnements Assaisonnement",
    "Libellé produit": "Ail noir têtes Aomori",
    "Marque": "UMAMI",
    "Code Produit": "110388",
    "Température": "Ambiant",
    "Conditionnement": "Par barquette de 150 g. Colis de 16 barquettes.",
    "Unité de commande": "barquette",
    "Prix": "15,47 EUR",
    "Prix à l'unité de mesure": "103,10 EUR / kg",
    "Prix à la portion": "247,44 EUR / colis",
    "DLC garantie au client": "30 jour(s)"
  },
  {
    "Rayon": "Pâtisserie Biscuiterie Confiserie",
    "Libellé produit": "Madeleine aux oeufs. cloche d'argent",
    "Marque": "LE STER",
    "Code Produit": "111252",
    "Température": "Ambiant",
    "Conditionnement": "Portion de 25 g. Colis de 120 portions.",
    "Unité de commande": "colis",
    "Prix": "18,76 EUR",
    "Prix à l'unité de mesure": "6,26 EUR / kg",
    "Prix à la portion": "0,16 EUR / Portion",
    "DLC garantie au client": "7 jour(s)"
  },
  {
    "Rayon": "Charcuterie Traiteur",
    "Libellé produit": "Feuilles de brick. avec intercalaires",
    "Marque": "JR",
    "Code Produit": "113092",
    "Température": "Frais",
    "Conditionnement": "Portion de 17 g. Paquet de 10 portions.",
    "Unité de commande": "paquet",
    "Prix": "1,03 EUR",
    "Prix à l'unité de mesure": "6,07 EUR / kg",
    "Prix à la portion": "0,10 EUR / Portion",
    "DLC garantie au client": "7 jour(s)"
  },
  {
    "Rayon": "Fruits et Légumes",
    "Libellé produit": "Mélange wok",
    "Marque": "ROSEE DES CHAMPS",
    "Code Produit": "113329",
    "Température": "Frais",
    "Conditionnement": "Par sachet de 500 g. Colis de 12 sachets.",
    "Unité de commande": "sachet",
    "Prix": "2,56 EUR",
    "Prix à l'unité de mesure": "5,11 EUR / kg",
    "Prix à la portion": "30,68 EUR / colis",
    "DLC garantie au client": "3 jour(s)"
  },
  {
    "Rayon": "Épicerie",
    "Libellé produit": "Sirop d'érable",
    "Marque": "MAPLE JOE",
    "Code Produit": "113613",
    "Température": "Ambiant",
    "Conditionnement": "Par bouteille de 250 ml. Colis de 12 bouteilles.",
    "Unité de commande": "bouteille",
    "Prix": "4,60 EUR",
    "Prix à l'unité de mesure": "18,41 EUR / L",
    "Prix à la portion": "55,24 EUR / colis",
    "DLC garantie au client": "30 jour(s)"
  },
  {
    "Rayon": "Boissons",
    "Libellé produit": "Jus de pamplemousse hp",
    "Marque": "JUSTE PRESSE",
    "Code Produit": "114308",
    "Température": "Frais",
    "Conditionnement": "Bouteille de 1 kg. Colis de 6 bouteilles.",
    "Unité de commande": "colis",
    "Prix": "24,70 EUR",
    "Prix à l'unité de mesure": "4,12 EUR / kg",
    "Prix à la portion": "4,12 EUR / bouteille",
    "DLC garantie au client": "7 jour(s)"
  },
  {
    "Rayon": "Boissons",
    "Libellé produit": "Shot curcuma",
    "Marque": "JUSTE PRESSE",
    "Code Produit": "114309",
    "Température": "Frais",
    "Conditionnement": "Bouteille de 60 g. Colis de 12 bouteilles.",
    "Unité de commande": "colis",
    "Prix": "17,98 EUR",
    "Prix à l'unité de mesure": "24,97 EUR / kg",
    "Prix à la portion": "1,50 EUR / bouteille",
    "DLC garantie au client": "7 jour(s)"
  },
  {
    "Rayon": "Boissons",
    "Libellé produit": "Shot gingembre",
    "Marque": "JUSTE PRESSE",
    "Code Produit": "114310",
    "Température": "Frais",
    "Conditionnement": "Bouteille de 60 g. Colis de 12 bouteilles.",
    "Unité de commande": "colis",
    "Prix": "17,80 EUR",
    "Prix à l'unité de mesure": "24,72 EUR / kg",
    "Prix à la portion": "1,48 EUR / bouteille",
    "DLC garantie au client": "7 jour(s)"
  },
  {
    "Rayon": "Accompagnements Assaisonnement",
    "Libellé produit": "Tagliatelles aux oeufs",
    "Marque": "PANZANI",
    "Code Produit": "115642",
    "Température": "Ambiant",
    "Conditionnement": "Par colis de 5 kg.",
    "Unité de commande": "colis",
    "Prix": "29,78 EUR",
    "Prix à l'unité de mesure": "5,96 EUR / kg",
    "Prix à la portion": "",
    "DLC garantie au client": "30 jour(s)"
  },
  {
    "Rayon": "Épicerie",
    "Libellé produit": "Nescafé spécial filtre",
    "Marque": "NESCAFE",
    "Code Produit": "117069",
    "Température": "Ambiant",
    "Conditionnement": "Par poche de 500 g. Colis de 12 poches.",
    "Unité de commande": "poche",
    "Prix": "46,45 EUR",
    "Prix à l'unité de mesure": "92,90 EUR / kg",
    "Prix à la portion": "557,38 EUR / colis",
    "DLC garantie au client": "30 jour(s)"
  },
  {
    "Rayon": "Épicerie",
    "Libellé produit": "Cerneaux de noix hachés",
    "Marque": "FRUISEC",
    "Code Produit": "117283",
    "Température": "Ambiant",
    "Conditionnement": "Par sachet de 2.5 kg. Colis de 5 sachets.",
    "Unité de commande": "sachet",
    "Prix": "23,77 EUR",
    "Prix à l'unité de mesure": "9,51 EUR / kg",
    "Prix à la portion": "118,84 EUR / colis",
    "DLC garantie au client": "30 jour(s)"
  },
  {
    "Rayon": "Crèmerie Œufs Fromages",
    "Libellé produit": "Emmental coeur de meule. 29 % m.g.",
    "Marque": "LA VIE DE CHATEAU",
    "Code Produit": "123406",
    "Température": "Frais",
    "Conditionnement": "Par pièce de 2 kg. Colis de 6 pièces.",
    "Unité de commande": "pièce",
    "Prix": "16,28 EUR",
    "Prix à l'unité de mesure": "8,14 EUR / kg",
    "Prix à la portion": "97,66 EUR / colis",
    "DLC garantie au client": "7 jour(s)"
  },
  {
    "Rayon": "Charcuterie Traiteur",
    "Libellé produit": "Plaque feuilletée margarine. épaisseur 2,5mm. 57 x 37 cm",
    "Marque": "BANQUET D'OR",
    "Code Produit": "124198",
    "Température": "Surgele",
    "Conditionnement": "Pièce de 625 g. Colis de 16 pièces.",
    "Unité de commande": "colis",
    "Prix": "53,28 EUR",
    "Prix à l'unité de mesure": "5,33 EUR / kg",
    "Prix à la portion": "3,33 EUR / pièce",
    "DLC garantie au client": "30 jour(s)"
  },
  {
    "Rayon": "Charcuterie Traiteur",
    "Libellé produit": "Plaque feuilletée pur beurre. épaisseur 2,8mm. 57 x 37 cm",
    "Marque": "BANQUET D'OR",
    "Code Produit": "124206",
    "Température": "Surgele",
    "Conditionnement": "Pièce de 714 g. Colis de 14 pièces.",
    "Unité de commande": "colis",
    "Prix": "113,85 EUR",
    "Prix à l'unité de mesure": "11,39 EUR / kg",
    "Prix à la portion": "8,13 EUR / pièce",
    "DLC garantie au client": "30 jour(s)"
  },
  {
    "Rayon": "Fruits et Légumes",
    "Libellé produit": "ECHALOTE BRUNOISE",
    "Marque": "ROSEE DES CHAMPS",
    "Code Produit": "133324",
    "Température": "Frais",
    "Conditionnement": "Par sachet de 1 kg.",
    "Unité de commande": "sachet",
    "Prix": "9,70 EUR",
    "Prix à l'unité de mesure": "9,70 EUR / kg",
    "Prix à la portion": "",
    "DLC garantie au client": "3 jour(s)"
  },
  {
    "Rayon": "Boissons",
    "Libellé produit": "Eau minérale evian",
    "Marque": "EVIAN",
    "Code Produit": "134080",
    "Température": "Ambiant",
    "Conditionnement": "Bouteille de 1 litre. Colis de 12 bouteilles.",
    "Unité de commande": "colis",
    "Prix": "13,56 EUR",
    "Prix à l'unité de mesure": "1,13 EUR / L",
    "Prix à la portion": "1,13 EUR / bouteille",
    "DLC garantie au client": "30 jour(s)"
  },
  {
    "Rayon": "Pâtisserie Biscuiterie Confiserie",
    "Libellé produit": "Crème pâtissière à froid. pur beurre premium",
    "Marque": "ANCEL",
    "Code Produit": "136945",
    "Température": "Ambiant",
    "Conditionnement": "Par colis de 5 kg.",
    "Unité de commande": "colis",
    "Prix": "38,04 EUR",
    "Prix à l'unité de mesure": "7,61 EUR / kg",
    "Prix à la portion": "",
    "DLC garantie au client": "30 jour(s)"
  },
  {
    "Rayon": "Desserts Glaces",
    "Libellé produit": "Crème de marrons vanillée",
    "Marque": "VALADE EN CORREZE",
    "Code Produit": "137570",
    "Température": "Ambiant",
    "Conditionnement": "Par boite de 1 kg. Colis de 12 boites.",
    "Unité de commande": "boite",
    "Prix": "6,85 EUR",
    "Prix à l'unité de mesure": "6,85 EUR / kg",
    "Prix à la portion": "82,20 EUR / colis",
    "DLC garantie au client": "30 jour(s)"
  },
  {
    "Rayon": "Pâtisserie Biscuiterie Confiserie",
    "Libellé produit": "Sablé de Retz x 2",
    "Marque": "ST MICHEL",
    "Code Produit": "140053",
    "Température": "Ambiant",
    "Conditionnement": "Portion de 12 g. Colis de 200 portions.",
    "Unité de commande": "colis",
    "Prix": "21,02 EUR",
    "Prix à l'unité de mesure": "8,76 EUR / kg",
    "Prix à la portion": "0,11 EUR / Portion",
    "DLC garantie au client": "30 jour(s)"
  },
  {
    "Rayon": "Accompagnements Assaisonnement",
    "Libellé produit": "Harissa",
    "Marque": "PHARE CAP BON",
    "Code Produit": "140936",
    "Température": "Ambiant",
    "Conditionnement": "Par tube de 70 g. Colis de 48 tubes.",
    "Unité de commande": "tube",
    "Prix": "0,59 EUR",
    "Prix à l'unité de mesure": "8,41 EUR / kg",
    "Prix à la portion": "28,27 EUR / colis",
    "DLC garantie au client": "30 jour(s)"
  },
  {
    "Rayon": "Crèmerie Œufs Fromages",
    "Libellé produit": "Beurre demi sel micropain",
    "Marque": "PRESIDENT",
    "Code Produit": "142778",
    "Température": "Frais",
    "Conditionnement": "Portion de 10 g. Boite de 100 portions.",
    "Unité de commande": "boite",
    "Prix": "12,80 EUR",
    "Prix à l'unité de mesure": "12,80 EUR / kg",
    "Prix à la portion": "0,13 EUR / Portion",
    "DLC garantie au client": "7 jour(s)"
  },
  {
    "Rayon": "Accompagnements Assaisonnement",
    "Libellé produit": "Purée de marrons au naturel",
    "Marque": "CLEMENT FAUGIER",
    "Code Produit": "149666",
    "Température": "Ambiant",
    "Conditionnement": "Par boite de 870 g. Colis de 12 boites.",
    "Unité de commande": "boite",
    "Prix": "5,32 EUR",
    "Prix à l'unité de mesure": "6,11 EUR / kg",
    "Prix à la portion": "63,79 EUR / colis",
    "DLC garantie au client": "30 jour(s)"
  },
  {
    "Rayon": "Crèmerie Œufs Fromages",
    "Libellé produit": "Brie de Meaux AOP. 22 % m.g.",
    "Marque": "ANDRE COLLET",
    "Code Produit": "151704",
    "Température": "Frais",
    "Conditionnement": "Par pièce de 2.75 kg.",
    "Unité de commande": "pièce",
    "Prix": "41,45 EUR",
    "Prix à l'unité de mesure": "15,07 EUR / kg",
    "Prix à la portion": "",
    "DLC garantie au client": "7 jour(s)"
  },
  {
    "Rayon": "Accompagnements Assaisonnement",
    "Libellé produit": "Fusilli. qualité supérieure",
    "Marque": "BARILLA",
    "Code Produit": "152041",
    "Température": "Ambiant",
    "Conditionnement": "Par sac de 5 kg. Colis de 3 sacs.",
    "Unité de commande": "sac",
    "Prix": "15,09 EUR",
    "Prix à l'unité de mesure": "3,02 EUR / kg",
    "Prix à la portion": "45,27 EUR / colis",
    "DLC garantie au client": "30 jour(s)"
  },
  {
    "Rayon": "Charcuterie Traiteur",
    "Libellé produit": "Jambon supérieur entier dd. cuit au torchon vpf",
    "Marque": "MADRANGE",
    "Code Produit": "157677",
    "Température": "Frais",
    "Conditionnement": "Pièce de 6.7 kg. Colis de 2 pièces.",
    "Unité de commande": "colis",
    "Prix": "142,82 EUR",
    "Prix à l'unité de mesure": "10,66 EUR / kg",
    "Prix à la portion": "71,41 EUR / pièce",
    "DLC garantie au client": "7 jour(s)"
  },
  {
    "Rayon": "Accompagnements Assaisonnement",
    "Libellé produit": "Poivrons rouges",
    "Marque": "JYRELA",
    "Code Produit": "160416",
    "Température": "Ambiant",
    "Conditionnement": "Par boite 3/1 de 2.5 kg. Colis de 6 boites 3/1.",
    "Unité de commande": "boite 3/1",
    "Prix": "8,63 EUR",
    "Prix à l'unité de mesure": "3,45 EUR / kg",
    "Prix à la portion": "51,80 EUR / colis",
    "DLC garantie au client": "30 jour(s)"
  },
  {
    "Rayon": "Accompagnements Assaisonnement",
    "Libellé produit": "Ketchup",
    "Marque": "LESIEUR",
    "Code Produit": "161257",
    "Température": "Ambiant",
    "Conditionnement": "Par pièce de 5.5 kg. Colis de 2 pièces.",
    "Unité de commande": "pièce",
    "Prix": "23,94 EUR",
    "Prix à l'unité de mesure": "4,35 EUR / kg",
    "Prix à la portion": "47,88 EUR / colis",
    "DLC garantie au client": "30 jour(s)"
  },
  {
    "Rayon": "Fruits et Légumes",
    "Libellé produit": "Pomme de terre grenaille. délicatesse lavée 20/40. catégorie 1",
    "Marque": "STKFL",
    "Code Produit": "161316",
    "Température": "Frais",
    "Conditionnement": "Par colis de 5 kg.",
    "Unité de commande": "colis",
    "Prix": "17,03 EUR",
    "Prix à l'unité de mesure": "3,41 EUR / kg",
    "Prix à la portion": "",
    "DLC garantie au client": ""
  },
  {
    "Rayon": "Crèmerie Œufs Fromages",
    "Libellé produit": "Sainte maure de Touraine aop. 45 % m.g.",
    "Marque": "COUTURIER",
    "Code Produit": "162693",
    "Température": "Frais",
    "Conditionnement": "Par pièce de 250 g. Colis de 6 pièces.",
    "Unité de commande": "pièce",
    "Prix": "6,28 EUR",
    "Prix à l'unité de mesure": "25,10 EUR / kg",
    "Prix à la portion": "37,66 EUR / colis",
    "DLC garantie au client": "7 jour(s)"
  },
  {
    "Rayon": "Crèmerie Œufs Fromages",
    "Libellé produit": "Mascarpone 41.5 % m.g.",
    "Marque": "GALBANI PRO",
    "Code Produit": "162768",
    "Température": "Frais",
    "Conditionnement": "Par pot de 500 g. Colis de 8 pots.",
    "Unité de commande": "pot",
    "Prix": "6,61 EUR",
    "Prix à l'unité de mesure": "13,21 EUR / kg",
    "Prix à la portion": "52,85 EUR / colis",
    "DLC garantie au client": "7 jour(s)"
  },
  {
    "Rayon": "Fruits et Légumes",
    "Libellé produit": "Chou chinois. catégorie 1",
    "Marque": "STKFL",
    "Code Produit": "164153",
    "Température": "Frais",
    "Conditionnement": "Pièce de 800 g. Colis de 8 pièces.",
    "Unité de commande": "colis",
    "Prix": "17,38 EUR",
    "Prix à l'unité de mesure": "2,72 EUR / kg",
    "Prix à la portion": "2,17 EUR / pièce",
    "DLC garantie au client": ""
  },
  {
    "Rayon": "Crèmerie Œufs Fromages",
    "Libellé produit": "Tranche d'emmental 28 %. m.g., spécial sandwich",
    "Marque": "PRESIDENT PRO",
    "Code Produit": "173336",
    "Température": "Frais",
    "Conditionnement": "Portion de 15 g. Barquette de 32 portions.",
    "Unité de commande": "barquette",
    "Prix": "9,80 EUR",
    "Prix à l'unité de mesure": "20,42 EUR / kg",
    "Prix à la portion": "0,31 EUR / Portion",
    "DLC garantie au client": "7 jour(s)"
  },
  {
    "Rayon": "Crèmerie Œufs Fromages",
    "Libellé produit": "Vache qui rit 19 % m.g.",
    "Marque": "BEL",
    "Code Produit": "174151",
    "Température": "Frais",
    "Conditionnement": "Par bac de 1 kg. Colis de 6 bacs.",
    "Unité de commande": "bac",
    "Prix": "14,39 EUR",
    "Prix à l'unité de mesure": "14,39 EUR / kg",
    "Prix à la portion": "86,36 EUR / colis",
    "DLC garantie au client": "7 jour(s)"
  },
  {
    "Rayon": "Épicerie",
    "Libellé produit": "Confiture de cerises griottes",
    "Marque": "BONNE MAMAN",
    "Code Produit": "177238",
    "Température": "Ambiant",
    "Conditionnement": "Par bocal de 370 g. Colis de 6 bocaux.",
    "Unité de commande": "bocal",
    "Prix": "4,18 EUR",
    "Prix à l'unité de mesure": "11,30 EUR / kg",
    "Prix à la portion": "25,07 EUR / colis",
    "DLC garantie au client": "30 jour(s)"
  },
  {
    "Rayon": "Épicerie",
    "Libellé produit": "Confiture de fraises",
    "Marque": "BONNE MAMAN",
    "Code Produit": "177246",
    "Température": "Ambiant",
    "Conditionnement": "Par bocal de 370 g. Colis de 6 bocaux.",
    "Unité de commande": "bocal",
    "Prix": "3,85 EUR",
    "Prix à l'unité de mesure": "10,41 EUR / kg",
    "Prix à la portion": "23,10 EUR / colis",
    "DLC garantie au client": "30 jour(s)"
  },
  {
    "Rayon": "Épicerie",
    "Libellé produit": "Confiture d'abricots",
    "Marque": "BONNE MAMAN",
    "Code Produit": "177253",
    "Température": "Ambiant",
    "Conditionnement": "Par bocal de 370 g. Colis de 6 bocaux.",
    "Unité de commande": "bocal",
    "Prix": "3,26 EUR",
    "Prix à l'unité de mesure": "8,80 EUR / kg",
    "Prix à la portion": "19,54 EUR / colis",
    "DLC garantie au client": "30 jour(s)"
  },
  {
    "Rayon": "Épicerie",
    "Libellé produit": "Confiture 4 fruits rouges",
    "Marque": "BONNE MAMAN",
    "Code Produit": "177261",
    "Température": "Ambiant",
    "Conditionnement": "Bocal de 370 g. Colis de 6 bocaux.",
    "Unité de commande": "colis",
    "Prix": "19,90 EUR",
    "Prix à l'unité de mesure": "8,97 EUR / kg",
    "Prix à la portion": "3,32 EUR / bocal",
    "DLC garantie au client": "30 jour(s)"
  },
  {
    "Rayon": "Fruits et Légumes",
    "Libellé produit": "Avocat Hass mur à point. catégorie 1",
    "Marque": "STKFL",
    "Code Produit": "180019",
    "Température": "Frais",
    "Conditionnement": "Pièce de 181 g. Colis de 22 pièces.",
    "Unité de commande": "colis",
    "Prix": "21,21 EUR",
    "Prix à l'unité de mesure": "5,33 EUR / kg",
    "Prix à la portion": "0,96 EUR / pièce",
    "DLC garantie au client": ""
  },
  {
    "Rayon": "Pâtisserie Biscuiterie Confiserie",
    "Libellé produit": "Purée fruits passion. non sucrée",
    "Marque": "LES VERGERS BOIRON",
    "Code Produit": "181396",
    "Température": "Surgele",
    "Conditionnement": "Par barquette de 1 kg. Colis de 6 barquettes.",
    "Unité de commande": "barquette",
    "Prix": "8,26 EUR",
    "Prix à l'unité de mesure": "8,26 EUR / kg",
    "Prix à la portion": "49,55 EUR / colis",
    "DLC garantie au client": "30 jour(s)"
  },
  {
    "Rayon": "Pâtisserie Biscuiterie Confiserie",
    "Libellé produit": "Purée de fraise. sucrée",
    "Marque": "LES VERGERS BOIRON",
    "Code Produit": "181438",
    "Température": "Surgele",
    "Conditionnement": "Par barquette de 1 kg. Colis de 6 barquettes.",
    "Unité de commande": "barquette",
    "Prix": "6,56 EUR",
    "Prix à l'unité de mesure": "6,56 EUR / kg",
    "Prix à la portion": "39,38 EUR / colis",
    "DLC garantie au client": "30 jour(s)"
  },
  {
    "Rayon": "Pâtisserie Biscuiterie Confiserie",
    "Libellé produit": "Purée de banane. non sucrée",
    "Marque": "LES VERGERS BOIRON",
    "Code Produit": "181610",
    "Température": "Surgele",
    "Conditionnement": "Par barquette de 1 kg. Colis de 6 barquettes.",
    "Unité de commande": "barquette",
    "Prix": "5,12 EUR",
    "Prix à l'unité de mesure": "5,12 EUR / kg",
    "Prix à la portion": "30,74 EUR / colis",
    "DLC garantie au client": "30 jour(s)"
  },
  {
    "Rayon": "Pâtisserie Biscuiterie Confiserie",
    "Libellé produit": "Purée de coco sucrée",
    "Marque": "LES VERGERS BOIRON",
    "Code Produit": "181628",
    "Température": "Surgele",
    "Conditionnement": "Par barquette de 1 kg. Colis de 6 barquettes.",
    "Unité de commande": "barquette",
    "Prix": "8,13 EUR",
    "Prix à l'unité de mesure": "8,13 EUR / kg",
    "Prix à la portion": "48,80 EUR / colis",
    "DLC garantie au client": "30 jour(s)"
  },
  {
    "Rayon": "Pâtisserie Biscuiterie Confiserie",
    "Libellé produit": "Purée de mangue. non sucrée",
    "Marque": "LES VERGERS BOIRON",
    "Code Produit": "181636",
    "Température": "Surgele",
    "Conditionnement": "Par barquette de 1 kg. Colis de 6 barquettes.",
    "Unité de commande": "barquette",
    "Prix": "8,52 EUR",
    "Prix à l'unité de mesure": "8,52 EUR / kg",
    "Prix à la portion": "51,12 EUR / colis",
    "DLC garantie au client": "30 jour(s)"
  },
  {
    "Rayon": "Épicerie",
    "Libellé produit": "Plaque de pain de mie. dim. 30 x 40 cm",
    "Marque": "BONCOLAC",
    "Code Produit": "184366",
    "Température": "Surgele",
    "Conditionnement": "Lot de 1.25 kg. Colis de 4 lots. Lot de 5 portions.",
    "Unité de commande": "colis",
    "Prix": "56,65 EUR",
    "Prix à l'unité de mesure": "11,33 EUR / kg",
    "Prix à la portion": "14,16 EUR / lot",
    "DLC garantie au client": "30 jour(s)"
  },
  {
    "Rayon": "Boissons",
    "Libellé produit": "Jus de pomme orange carotte. citron",
    "Marque": "JUSTE PRESSE",
    "Code Produit": "184771",
    "Température": "Frais",
    "Conditionnement": "Bouteille de 250 g. Colis de 6 bouteilles.",
    "Unité de commande": "colis",
    "Prix": "9,88 EUR",
    "Prix à l'unité de mesure": "6,58 EUR / kg",
    "Prix à la portion": "1,65 EUR / bouteille",
    "DLC garantie au client": "7 jour(s)"
  },
  {
    "Rayon": "Fruits et Légumes",
    "Libellé produit": "Citron BIO. catégorie 2",
    "Marque": "STKFL",
    "Code Produit": "188087",
    "Température": "Frais",
    "Conditionnement": "Par barquette de 500 g. Colis de 10 barquettes.",
    "Unité de commande": "barquette",
    "Prix": "2,08 EUR",
    "Prix à l'unité de mesure": "4,16 EUR / kg",
    "Prix à la portion": "20,82 EUR / colis",
    "DLC garantie au client": ""
  },
  {
    "Rayon": "Accompagnements Assaisonnement",
    "Libellé produit": "Huile de noisette",
    "Marque": "LAPALISSE",
    "Code Produit": "192040",
    "Température": "Ambiant",
    "Conditionnement": "Par bouteille de 500 ml. Colis de 6 bouteilles.",
    "Unité de commande": "bouteille",
    "Prix": "6,40 EUR",
    "Prix à l'unité de mesure": "12,80 EUR / L",
    "Prix à la portion": "38,41 EUR / colis",
    "DLC garantie au client": "30 jour(s)"
  },
  {
    "Rayon": "Accompagnements Assaisonnement",
    "Libellé produit": "Sauce soja Kikkoman salé",
    "Marque": "KIKKOMAN",
    "Code Produit": "192653",
    "Température": "Ambiant",
    "Conditionnement": "Par bouteille de 1 litre. Colis de 6 bouteilles.",
    "Unité de commande": "bouteille",
    "Prix": "11,39 EUR",
    "Prix à l'unité de mesure": "11,39 EUR / L",
    "Prix à la portion": "68,32 EUR / colis",
    "DLC garantie au client": "30 jour(s)"
  },
  {
    "Rayon": "Équipement Hygiène",
    "Libellé produit": "Poche patissière jetable 80m. utilisation froide. dimension 30x54cm",
    "Marque": "",
    "Code Produit": "192703",
    "Température": "Ambiant",
    "Conditionnement": "Paquet de 100 portions.",
    "Unité de commande": "paquet",
    "Prix": "12,94 EUR",
    "Prix à l'unité de mesure": "",
    "Prix à la portion": "0,13 EUR / Portion",
    "DLC garantie au client": ""
  },
  {
    "Rayon": "Accompagnements Assaisonnement",
    "Libellé produit": "Vinaigre de cidre",
    "Marque": "BORGES",
    "Code Produit": "193429",
    "Température": "Ambiant",
    "Conditionnement": "Par bouteille de 1 litre. Colis de 15 bouteilles.",
    "Unité de commande": "bouteille",
    "Prix": "4,29 EUR",
    "Prix à l'unité de mesure": "4,29 EUR / L",
    "Prix à la portion": "64,29 EUR / colis",
    "DLC garantie au client": "30 jour(s)"
  },
  {
    "Rayon": "Accompagnements Assaisonnement",
    "Libellé produit": "Vinaigre de vieux vin rouge",
    "Marque": "BORGES",
    "Code Produit": "193727",
    "Température": "Ambiant",
    "Conditionnement": "Par bouteille de 1 litre. Colis de 15 bouteilles.",
    "Unité de commande": "bouteille",
    "Prix": "2,18 EUR",
    "Prix à l'unité de mesure": "2,18 EUR / L",
    "Prix à la portion": "32,63 EUR / colis",
    "DLC garantie au client": "30 jour(s)"
  },
  {
    "Rayon": "Charcuterie Traiteur",
    "Libellé produit": "Poivrons rouges/jaunes. grillés",
    "Marque": "BONDUELLE FOOD SERVICE",
    "Code Produit": "195354",
    "Température": "Surgele",
    "Conditionnement": "Par sachet de 1 kg. Colis de 7 sachets.",
    "Unité de commande": "sachet",
    "Prix": "8,77 EUR",
    "Prix à l'unité de mesure": "8,77 EUR / kg",
    "Prix à la portion": "61,38 EUR / colis",
    "DLC garantie au client": "30 jour(s)"
  },
  {
    "Rayon": "Accompagnements Assaisonnement",
    "Libellé produit": "Ketchup Heinz",
    "Marque": "HEINZ",
    "Code Produit": "196199",
    "Température": "Ambiant",
    "Conditionnement": "Portion de 39 g. Colis de 80 portions.",
    "Unité de commande": "colis",
    "Prix": "62,05 EUR",
    "Prix à l'unité de mesure": "19,89 EUR / kg",
    "Prix à la portion": "0,78 EUR / Portion",
    "DLC garantie au client": "30 jour(s)"
  },
  {
    "Rayon": "Pâtisserie Biscuiterie Confiserie",
    "Libellé produit": "Sucre cristal pp",
    "Marque": "",
    "Code Produit": "196375",
    "Température": "Ambiant",
    "Conditionnement": "Sachet de 1 kg. Colis de 10 sachets.",
    "Unité de commande": "colis",
    "Prix": "9,85 EUR",
    "Prix à l'unité de mesure": "0,99 EUR / kg",
    "Prix à la portion": "0,99 EUR / sachet",
    "DLC garantie au client": ""
  },
  {
    "Rayon": "Crèmerie Œufs Fromages",
    "Libellé produit": "Chèvre long. 20 % m.g.",
    "Marque": "MELUSINE",
    "Code Produit": "196489",
    "Température": "Frais",
    "Conditionnement": "Par pièce de 180 g. Colis de 18 pièces.",
    "Unité de commande": "pièce",
    "Prix": "2,34 EUR",
    "Prix à l'unité de mesure": "12,98 EUR / kg",
    "Prix à la portion": "42,07 EUR / colis",
    "DLC garantie au client": "7 jour(s)"
  },
  {
    "Rayon": "Crèmerie Œufs Fromages",
    "Libellé produit": "Beurre doux",
    "Marque": "PRESIDENT PROFESSIONNEL",
    "Code Produit": "196574",
    "Température": "Frais",
    "Conditionnement": "Par plaque de 500 g. Colis de 20 plaques.",
    "Unité de commande": "plaque",
    "Prix": "5,36 EUR",
    "Prix à l'unité de mesure": "10,73 EUR / kg",
    "Prix à la portion": "107,26 EUR / colis",
    "DLC garantie au client": "7 jour(s)"
  },
  {
    "Rayon": "Crèmerie Œufs Fromages",
    "Libellé produit": "Beurre demi sel",
    "Marque": "PRESIDENT PROFESSIONNEL",
    "Code Produit": "196575",
    "Température": "Frais",
    "Conditionnement": "Par plaque de 500 g. Colis de 20 plaques.",
    "Unité de commande": "plaque",
    "Prix": "5,21 EUR",
    "Prix à l'unité de mesure": "10,43 EUR / kg",
    "Prix à la portion": "104,26 EUR / colis",
    "DLC garantie au client": "7 jour(s)"
  },
  {
    "Rayon": "Accompagnements Assaisonnement",
    "Libellé produit": "Fonds de veau premium",
    "Marque": "CHEF",
    "Code Produit": "196665",
    "Température": "Ambiant",
    "Conditionnement": "Par pot de 640 g. Colis de 6 pots.",
    "Unité de commande": "pot",
    "Prix": "26,47 EUR",
    "Prix à l'unité de mesure": "41,36 EUR / kg",
    "Prix à la portion": "158,84 EUR / colis",
    "DLC garantie au client": "30 jour(s)"
  },
  {
    "Rayon": "Accompagnements Assaisonnement",
    "Libellé produit": "Fonds blanc de volaille. premium",
    "Marque": "CHEF",
    "Code Produit": "196668",
    "Température": "Ambiant",
    "Conditionnement": "Par pot de 630 g. Colis de 6 pots.",
    "Unité de commande": "pot",
    "Prix": "22,63 EUR",
    "Prix à l'unité de mesure": "35,92 EUR / kg",
    "Prix à la portion": "135,78 EUR / colis",
    "DLC garantie au client": "30 jour(s)"
  },
  {
    "Rayon": "Épicerie",
    "Libellé produit": "Pate cacahuete Be nuts. croquant",
    "Marque": "ANDROS",
    "Code Produit": "198654",
    "Température": "Ambiant",
    "Conditionnement": "Par pot de 325 g. Colis de 6 pots.",
    "Unité de commande": "pot",
    "Prix": "2,90 EUR",
    "Prix à l'unité de mesure": "8,91 EUR / kg",
    "Prix à la portion": "17,37 EUR / colis",
    "DLC garantie au client": "30 jour(s)"
  },
  {
    "Rayon": "Épicerie",
    "Libellé produit": "Noisettes hachées blanchies",
    "Marque": "OLYMPFRUITS",
    "Code Produit": "199505",
    "Température": "Ambiant",
    "Conditionnement": "Par sachet de 1 kg. Colis de 10 sachets.",
    "Unité de commande": "sachet",
    "Prix": "12,66 EUR",
    "Prix à l'unité de mesure": "12,66 EUR / kg",
    "Prix à la portion": "126,64 EUR / colis",
    "DLC garantie au client": "30 jour(s)"
  },
  {
    "Rayon": "Pâtisserie Biscuiterie Confiserie",
    "Libellé produit": "Sucre inverti gallia",
    "Marque": "LOUIS FRANCOIS",
    "Code Produit": "200126",
    "Température": "Ambiant",
    "Conditionnement": "Par boite de 1 kg. Colis de 12 boites.",
    "Unité de commande": "boite",
    "Prix": "11,49 EUR",
    "Prix à l'unité de mesure": "11,49 EUR / kg",
    "Prix à la portion": "137,83 EUR / colis",
    "DLC garantie au client": "30 jour(s)"
  },
  {
    "Rayon": "Crèmerie Œufs Fromages",
    "Libellé produit": "Calin nature au lait demi. écrémé sur lit de fruits 2.4%",
    "Marque": "CALIN",
    "Code Produit": "200596",
    "Température": "Frais",
    "Conditionnement": "Plaque de 400 g. Colis de 6 plaques. Plaque de 4 portions.",
    "Unité de commande": "colis",
    "Prix": "9,86 EUR",
    "Prix à l'unité de mesure": "4,11 EUR / kg",
    "Prix à la portion": "1,64 EUR / plaque",
    "DLC garantie au client": "7 jour(s)"
  },
  {
    "Rayon": "Pâtisserie Biscuiterie Confiserie",
    "Libellé produit": "Praliné pramano amande. noisette",
    "Marque": "CALLEBAUT",
    "Code Produit": "200686",
    "Température": "Ambiant",
    "Conditionnement": "Par seau de 5 kg. Colis de 2 seaux.",
    "Unité de commande": "seau",
    "Prix": "78,51 EUR",
    "Prix à l'unité de mesure": "15,70 EUR / kg",
    "Prix à la portion": "157,01 EUR / colis",
    "DLC garantie au client": "30 jour(s)"
  },
  {
    "Rayon": "Crèmerie Œufs Fromages",
    "Libellé produit": "Fromage blanc de campagne. 40% m.g.",
    "Marque": "ALSACE LAIT",
    "Code Produit": "201056",
    "Température": "Frais",
    "Conditionnement": "Par seau de 5 kg.",
    "Unité de commande": "seau",
    "Prix": "14,61 EUR",
    "Prix à l'unité de mesure": "2,92 EUR / kg",
    "Prix à la portion": "",
    "DLC garantie au client": "7 jour(s)"
  },
  {
    "Rayon": "Équipement Hygiène",
    "Libellé produit": "Sac 10 toques 40 plis +. coiffe h.225",
    "Marque": "FLO FRANCE",
    "Code Produit": "201383",
    "Température": "Ambiant",
    "Conditionnement": "",
    "Unité de commande": "colis",
    "Prix": "31,88 EUR",
    "Prix à l'unité de mesure": "",
    "Prix à la portion": "",
    "DLC garantie au client": ""
  },
  {
    "Rayon": "Boissons",
    "Libellé produit": "Jus multifruits",
    "Marque": "GRANINI",
    "Code Produit": "202171",
    "Température": "Ambiant",
    "Conditionnement": "Par bag in box de 10 litre.",
    "Unité de commande": "bag in box",
    "Prix": "34,80 EUR",
    "Prix à l'unité de mesure": "3,48 EUR / L",
    "Prix à la portion": "",
    "DLC garantie au client": "30 jour(s)"
  },
  {
    "Rayon": "Épicerie",
    "Libellé produit": "Confiture de framboise",
    "Marque": "BONNE MAMAN",
    "Code Produit": "202321",
    "Température": "Ambiant",
    "Conditionnement": "Par bocal de 370 g. Colis de 6 bocaux.",
    "Unité de commande": "bocal",
    "Prix": "5,40 EUR",
    "Prix à l'unité de mesure": "14,59 EUR / kg",
    "Prix à la portion": "32,39 EUR / colis",
    "DLC garantie au client": "30 jour(s)"
  },
  {
    "Rayon": "Accompagnements Assaisonnement",
    "Libellé produit": "Moutarde graines jaunes",
    "Marque": "ESPIG",
    "Code Produit": "202951",
    "Température": "Ambiant",
    "Conditionnement": "Par sachet de 1 kg. Colis de 10 sachets.",
    "Unité de commande": "sachet",
    "Prix": "3,96 EUR",
    "Prix à l'unité de mesure": "3,96 EUR / kg",
    "Prix à la portion": "39,64 EUR / colis",
    "DLC garantie au client": "30 jour(s)"
  },
  {
    "Rayon": "Viandes Volailles Gibier",
    "Libellé produit": "Cote de boeuf dévertebrée. papillotée / sous-vide. pièce de 1.2 kg",
    "Marque": "BEAUVALLET RESTAURATION",
    "Code Produit": "203326",
    "Température": "Frais",
    "Conditionnement": "Portion de 1.2 kg. Lot de 2 portions.",
    "Unité de commande": "lot",
    "Prix": "67,37 EUR",
    "Prix à l'unité de mesure": "28,07 EUR / kg",
    "Prix à la portion": "33,69 EUR / Portion",
    "DLC garantie au client": "7 jour(s)"
  },
  {
    "Rayon": "Accompagnements Assaisonnement",
    "Libellé produit": "Poudre de piment d'espelette. AOP",
    "Marque": "",
    "Code Produit": "203336",
    "Température": "Ambiant",
    "Conditionnement": "Par pot de 50 g. Colis de 12 pots.",
    "Unité de commande": "pot",
    "Prix": "6,96 EUR",
    "Prix à l'unité de mesure": "139,26 EUR / kg",
    "Prix à la portion": "83,56 EUR / colis",
    "DLC garantie au client": "30 jour(s)"
  },
  {
    "Rayon": "Accompagnements Assaisonnement",
    "Libellé produit": "Piment d'espelette aop",
    "Marque": "",
    "Code Produit": "203337",
    "Température": "Ambiant",
    "Conditionnement": "Par sachet de 250 g. Colis de 8 sachets.",
    "Unité de commande": "sachet",
    "Prix": "27,52 EUR",
    "Prix à l'unité de mesure": "110,07 EUR / kg",
    "Prix à la portion": "220,14 EUR / colis",
    "DLC garantie au client": "30 jour(s)"
  },
  {
    "Rayon": "Accompagnements Assaisonnement",
    "Libellé produit": "chapelure panko",
    "Marque": "",
    "Code Produit": "203623",
    "Température": "Ambiant",
    "Conditionnement": "Par paquet de 1 kg. Colis de 10 paquets.",
    "Unité de commande": "paquet",
    "Prix": "6,34 EUR",
    "Prix à l'unité de mesure": "6,34 EUR / kg",
    "Prix à la portion": "63,39 EUR / colis",
    "DLC garantie au client": "30 jour(s)"
  },
  {
    "Rayon": "Crèmerie Œufs Fromages",
    "Libellé produit": "Crème végétale soja à cuisiner. alpro",
    "Marque": "ALPRO",
    "Code Produit": "204106",
    "Température": "Frais",
    "Conditionnement": "Brick de 1 litre. Colis de 12 bricks.",
    "Unité de commande": "colis",
    "Prix": "37,64 EUR",
    "Prix à l'unité de mesure": "3,14 EUR / L",
    "Prix à la portion": "3,14 EUR / brick",
    "DLC garantie au client": "7 jour(s)"
  },
  {
    "Rayon": "Charcuterie Traiteur",
    "Libellé produit": "Bresaola",
    "Marque": "FIORUCCI",
    "Code Produit": "204566",
    "Température": "Frais",
    "Conditionnement": "Par barquette de 250 g. Colis de 6 barquettes.",
    "Unité de commande": "barquette",
    "Prix": "10,27 EUR",
    "Prix à l'unité de mesure": "41,06 EUR / kg",
    "Prix à la portion": "61,60 EUR / colis",
    "DLC garantie au client": "7 jour(s)"
  },
  {
    "Rayon": "Charcuterie Traiteur",
    "Libellé produit": "Foie gras de canard mi-cuit. igp du sud ouest",
    "Marque": "PIERRE FOSSAT",
    "Code Produit": "204778",
    "Température": "Frais",
    "Conditionnement": "Par barquette de 500 g. Colis de 10 barquettes.",
    "Unité de commande": "barquette",
    "Prix": "34,00 EUR",
    "Prix à l'unité de mesure": "68,00 EUR / kg",
    "Prix à la portion": "340,00 EUR / colis",
    "DLC garantie au client": "7 jour(s)"
  },
  {
    "Rayon": "Accompagnements Assaisonnement",
    "Libellé produit": "Huile d'arachide",
    "Marque": "MAUREL",
    "Code Produit": "204809",
    "Température": "Ambiant",
    "Conditionnement": "Par bidon de 25 litre.",
    "Unité de commande": "bidon",
    "Prix": "81,15 EUR",
    "Prix à l'unité de mesure": "3,25 EUR / L",
    "Prix à la portion": "",
    "DLC garantie au client": "30 jour(s)"
  },
  {
    "Rayon": "Boissons",
    "Libellé produit": "Jus d'orange pressée",
    "Marque": "ANDROS",
    "Code Produit": "204890",
    "Température": "Frais",
    "Conditionnement": "Bouteille de 261 ml. Colis de 6 bouteilles.",
    "Unité de commande": "colis",
    "Prix": "15,57 EUR",
    "Prix à l'unité de mesure": "9,94 EUR / L",
    "Prix à la portion": "2,60 EUR / bouteille",
    "DLC garantie au client": "7 jour(s)"
  },
  {
    "Rayon": "Pains Viennoiserie Pâtes",
    "Libellé produit": "boule rustique précuit sur. sole",
    "Marque": "BRIDOR",
    "Code Produit": "204924",
    "Température": "Surgele",
    "Conditionnement": "Portion de 55 g. Colis de 70 portions.",
    "Unité de commande": "colis",
    "Prix": "20,66 EUR",
    "Prix à l'unité de mesure": "5,37 EUR / kg",
    "Prix à la portion": "0,30 EUR / Portion",
    "DLC garantie au client": "30 jour(s)"
  },
  {
    "Rayon": "Pains Viennoiserie Pâtes",
    "Libellé produit": "Baguettine sandwich nature",
    "Marque": "BRIDOR",
    "Code Produit": "204926",
    "Température": "Surgele",
    "Conditionnement": "Portion de 140 g. Colis de 50 portions.",
    "Unité de commande": "colis",
    "Prix": "18,47 EUR",
    "Prix à l'unité de mesure": "2,64 EUR / kg",
    "Prix à la portion": "0,37 EUR / Portion",
    "DLC garantie au client": "30 jour(s)"
  },
  {
    "Rayon": "Pains Viennoiserie Pâtes",
    "Libellé produit": "Baguette multigrains",
    "Marque": "BRIDOR",
    "Code Produit": "204927",
    "Température": "Surgele",
    "Conditionnement": "Portion de 280 g. Colis de 25 portions.",
    "Unité de commande": "colis",
    "Prix": "23,52 EUR",
    "Prix à l'unité de mesure": "3,36 EUR / kg",
    "Prix à la portion": "0,94 EUR / Portion",
    "DLC garantie au client": "30 jour(s)"
  },
  {
    "Rayon": "Pains Viennoiserie Pâtes",
    "Libellé produit": "Baguettine sandwich. multigrains",
    "Marque": "BRIDOR",
    "Code Produit": "204928",
    "Température": "Surgele",
    "Conditionnement": "Portion de 140 g. Colis de 50 portions.",
    "Unité de commande": "colis",
    "Prix": "20,23 EUR",
    "Prix à l'unité de mesure": "2,89 EUR / kg",
    "Prix à la portion": "0,40 EUR / Portion",
    "DLC garantie au client": "30 jour(s)"
  },
  {
    "Rayon": "Pains Viennoiserie Pâtes",
    "Libellé produit": "Croissant beurre fin. pret à cuire",
    "Marque": "ECLAT DU TERROIR",
    "Code Produit": "204948",
    "Température": "Surgele",
    "Conditionnement": "Portion de 30 g. Colis de 195 portions.",
    "Unité de commande": "colis",
    "Prix": "45,15 EUR",
    "Prix à l'unité de mesure": "7,72 EUR / kg",
    "Prix à la portion": "0,23 EUR / Portion",
    "DLC garantie au client": "30 jour(s)"
  },
  {
    "Rayon": "Pains Viennoiserie Pâtes",
    "Libellé produit": "mini pain chocolat beurre fin. pret à cuire",
    "Marque": "ECLAT DU TERROIR",
    "Code Produit": "204949",
    "Température": "Surgele",
    "Conditionnement": "Portion de 35 g. Colis de 210 portions.",
    "Unité de commande": "colis",
    "Prix": "59,51 EUR",
    "Prix à l'unité de mesure": "8,10 EUR / kg",
    "Prix à la portion": "0,28 EUR / Portion",
    "DLC garantie au client": "30 jour(s)"
  },
  {
    "Rayon": "Crèmerie Œufs Fromages",
    "Libellé produit": "St moret 45% m.g. calcium et. vitamine D réduit en sel -25%",
    "Marque": "ST MORET",
    "Code Produit": "205130",
    "Température": "Frais",
    "Conditionnement": "Portion de 20 g. Plaque de 12 portions.",
    "Unité de commande": "plaque",
    "Prix": "3,79 EUR",
    "Prix à l'unité de mesure": "15,81 EUR / kg",
    "Prix à la portion": "0,32 EUR / Portion",
    "DLC garantie au client": "7 jour(s)"
  },
  {
    "Rayon": "Accompagnements Assaisonnement",
    "Libellé produit": "capre non pareille au vinaigre",
    "Marque": "VITALY'S",
    "Code Produit": "205488",
    "Température": "Ambiant",
    "Conditionnement": "Par boite de 800 g. Colis de 12 boites.",
    "Unité de commande": "boite",
    "Prix": "5,69 EUR",
    "Prix à l'unité de mesure": "7,11 EUR / kg",
    "Prix à la portion": "68,27 EUR / colis",
    "DLC garantie au client": "30 jour(s)"
  },
  {
    "Rayon": "Équipement Hygiène",
    "Libellé produit": "Plateau traiteur noir. dim. 28 x 42 cm",
    "Marque": "",
    "Code Produit": "205754",
    "Température": "Ambiant",
    "Conditionnement": "Paquet de 25 portions.",
    "Unité de commande": "paquet",
    "Prix": "13,61 EUR",
    "Prix à l'unité de mesure": "",
    "Prix à la portion": "0,54 EUR / Portion",
    "DLC garantie au client": ""
  },
  {
    "Rayon": "Viandes Volailles Gibier",
    "Libellé produit": "Carré de porc 10 côtes. dévertébré papilloté",
    "Marque": "BEAUVALLET RESTAURATION",
    "Code Produit": "206302",
    "Température": "Frais",
    "Conditionnement": "Par poche de 2.7 kg.",
    "Unité de commande": "poche",
    "Prix": "30,49 EUR",
    "Prix à l'unité de mesure": "11,29 EUR / kg",
    "Prix à la portion": "",
    "DLC garantie au client": "7 jour(s)"
  },
  {
    "Rayon": "Viandes Volailles Gibier",
    "Libellé produit": "escalope noix veau paillard. pièce de 180 g",
    "Marque": "BEAUVALLET RESTAURATION",
    "Code Produit": "206306",
    "Température": "Frais",
    "Conditionnement": "Portion de 180 g. Poche de 10 portions.",
    "Unité de commande": "poche",
    "Prix": "53,54 EUR",
    "Prix à l'unité de mesure": "29,74 EUR / kg",
    "Prix à la portion": "5,35 EUR / Portion",
    "DLC garantie au client": "7 jour(s)"
  },
  {
    "Rayon": "Accompagnements Assaisonnement",
    "Libellé produit": "huile d'olive vierge extra",
    "Marque": "OLIVELLA",
    "Code Produit": "206354",
    "Température": "Ambiant",
    "Conditionnement": "Par bidon de 5 litre. Colis de 3 bidons.",
    "Unité de commande": "bidon",
    "Prix": "37,79 EUR",
    "Prix à l'unité de mesure": "7,56 EUR / L",
    "Prix à la portion": "113,38 EUR / colis",
    "DLC garantie au client": "30 jour(s)"
  },
  {
    "Rayon": "Accompagnements Assaisonnement",
    "Libellé produit": "huile meravella",
    "Marque": "BORGES",
    "Code Produit": "206355",
    "Température": "Ambiant",
    "Conditionnement": "Par bidon de 5 litre. Colis de 3 bidons.",
    "Unité de commande": "bidon",
    "Prix": "23,72 EUR",
    "Prix à l'unité de mesure": "4,74 EUR / L",
    "Prix à la portion": "71,15 EUR / colis",
    "DLC garantie au client": "30 jour(s)"
  },
  {
    "Rayon": "Accompagnements Assaisonnement",
    "Libellé produit": "Jus yuzu non pasteurise",
    "Marque": "UMAMI",
    "Code Produit": "206400",
    "Température": "Ambiant",
    "Conditionnement": "Par bouteille de 720 ml. Colis de 12 bouteilles.",
    "Unité de commande": "bouteille",
    "Prix": "42,60 EUR",
    "Prix à l'unité de mesure": "59,16 EUR / L",
    "Prix à la portion": "511,15 EUR / colis",
    "DLC garantie au client": "30 jour(s)"
  },
  {
    "Rayon": "Accompagnements Assaisonnement",
    "Libellé produit": "Sauce yuzu ponzu shibanuma",
    "Marque": "UMAMI",
    "Code Produit": "206402",
    "Température": "Ambiant",
    "Conditionnement": "Par bouteille de 300 ml. Colis de 30 bouteilles.",
    "Unité de commande": "bouteille",
    "Prix": "8,52 EUR",
    "Prix à l'unité de mesure": "28,39 EUR / L",
    "Prix à la portion": "255,54 EUR / colis",
    "DLC garantie au client": "30 jour(s)"
  },
  {
    "Rayon": "Accompagnements Assaisonnement",
    "Libellé produit": "miso blanc",
    "Marque": "UMAMI",
    "Code Produit": "206404",
    "Température": "Ambiant",
    "Conditionnement": "Par boite de 500 g. Colis de 6 boites.",
    "Unité de commande": "boite",
    "Prix": "6,67 EUR",
    "Prix à l'unité de mesure": "13,34 EUR / kg",
    "Prix à la portion": "40,01 EUR / colis",
    "DLC garantie au client": "30 jour(s)"
  },
  {
    "Rayon": "Accompagnements Assaisonnement",
    "Libellé produit": "texture gelatine",
    "Marque": "KNORR",
    "Code Produit": "206542",
    "Température": "Ambiant",
    "Conditionnement": "Par boite de 1 kg. Colis de 6 boites.",
    "Unité de commande": "boite",
    "Prix": "19,35 EUR",
    "Prix à l'unité de mesure": "19,35 EUR / kg",
    "Prix à la portion": "116,11 EUR / colis",
    "DLC garantie au client": "30 jour(s)"
  },
  {
    "Rayon": "Accompagnements Assaisonnement",
    "Libellé produit": "Lentilles vertes du puy aop",
    "Marque": "SABAROT",
    "Code Produit": "206566",
    "Température": "Ambiant",
    "Conditionnement": "Par sac de 5 kg.",
    "Unité de commande": "sac",
    "Prix": "41,57 EUR",
    "Prix à l'unité de mesure": "8,31 EUR / kg",
    "Prix à la portion": "",
    "DLC garantie au client": "30 jour(s)"
  },
  {
    "Rayon": "Accompagnements Assaisonnement",
    "Libellé produit": "Vinaigre d'Orleans vin rouge",
    "Marque": "MARTIN POURET",
    "Code Produit": "206604",
    "Température": "Ambiant",
    "Conditionnement": "Par bouteille de 250 ml. Colis de 6 bouteilles.",
    "Unité de commande": "bouteille",
    "Prix": "3,73 EUR",
    "Prix à l'unité de mesure": "14,90 EUR / L",
    "Prix à la portion": "22,36 EUR / colis",
    "DLC garantie au client": ""
  },
  {
    "Rayon": "Accompagnements Assaisonnement",
    "Libellé produit": "sel rose himalaya",
    "Marque": "",
    "Code Produit": "206843",
    "Température": "Ambiant",
    "Conditionnement": "Par sac de 1 kg. Colis de 6 sacs.",
    "Unité de commande": "sac",
    "Prix": "18,29 EUR",
    "Prix à l'unité de mesure": "18,29 EUR / kg",
    "Prix à la portion": "109,74 EUR / colis",
    "DLC garantie au client": "30 jour(s)"
  },
  {
    "Rayon": "Desserts Glaces",
    "Libellé produit": "Pate de noisette piemont",
    "Marque": "",
    "Code Produit": "206845",
    "Température": "Ambiant",
    "Conditionnement": "Par pot de 1 kg. Colis de 6 pots.",
    "Unité de commande": "pot",
    "Prix": "48,95 EUR",
    "Prix à l'unité de mesure": "48,95 EUR / kg",
    "Prix à la portion": "293,70 EUR / colis",
    "DLC garantie au client": "30 jour(s)"
  },
  {
    "Rayon": "Accompagnements Assaisonnement",
    "Libellé produit": "hibiscus coupe",
    "Marque": "",
    "Code Produit": "206849",
    "Température": "Ambiant",
    "Conditionnement": "Par sachet de 250 g. Colis de 10 sachets.",
    "Unité de commande": "sachet",
    "Prix": "8,15 EUR",
    "Prix à l'unité de mesure": "32,60 EUR / kg",
    "Prix à la portion": "81,49 EUR / colis",
    "DLC garantie au client": "30 jour(s)"
  },
  {
    "Rayon": "Pâtisserie Biscuiterie Confiserie",
    "Libellé produit": "sucre muscovado",
    "Marque": "",
    "Code Produit": "206858",
    "Température": "Ambiant",
    "Conditionnement": "Par sac de 1 kg. Colis de 10 sacs.",
    "Unité de commande": "sac",
    "Prix": "13,88 EUR",
    "Prix à l'unité de mesure": "13,88 EUR / kg",
    "Prix à la portion": "138,75 EUR / colis",
    "DLC garantie au client": "30 jour(s)"
  },
  {
    "Rayon": "Charcuterie Traiteur",
    "Libellé produit": "filet de ventreche thon blanc. Germon à l'huile d'olive",
    "Marque": "SERRATS",
    "Code Produit": "206914",
    "Température": "Ambiant",
    "Conditionnement": "Par boite de 115 g. Colis de 12 boites.",
    "Unité de commande": "boite",
    "Prix": "8,49 EUR",
    "Prix à l'unité de mesure": "73,79 EUR / kg",
    "Prix à la portion": "101,83 EUR / colis",
    "DLC garantie au client": "30 jour(s)"
  },
  {
    "Rayon": "Épicerie",
    "Libellé produit": "chips nature. au sel de guérande",
    "Marque": "BRET'S",
    "Code Produit": "206934",
    "Température": "Ambiant",
    "Conditionnement": "Sachet de 30 g. Colis de 100 sachets.",
    "Unité de commande": "colis",
    "Prix": "38,90 EUR",
    "Prix à l'unité de mesure": "12,97 EUR / kg",
    "Prix à la portion": "0,39 EUR / sachet",
    "DLC garantie au client": "30 jour(s)"
  },
  {
    "Rayon": "Charcuterie Traiteur",
    "Libellé produit": "poivron de piquillos",
    "Marque": "MARTIN'S",
    "Code Produit": "206940",
    "Température": "Ambiant",
    "Conditionnement": "Par boite 3/1 de 2.5 kg. Colis de 6 boites 3/1.",
    "Unité de commande": "boite 3/1",
    "Prix": "10,07 EUR",
    "Prix à l'unité de mesure": "4,03 EUR / kg",
    "Prix à la portion": "60,41 EUR / colis",
    "DLC garantie au client": "30 jour(s)"
  },
  {
    "Rayon": "Accompagnements Assaisonnement",
    "Libellé produit": "saté en poudre",
    "Marque": "",
    "Code Produit": "206959",
    "Température": "Ambiant",
    "Conditionnement": "Par sachet de 500 g. Colis de 10 sachets.",
    "Unité de commande": "sachet",
    "Prix": "14,98 EUR",
    "Prix à l'unité de mesure": "29,95 EUR / kg",
    "Prix à la portion": "149,75 EUR / colis",
    "DLC garantie au client": "30 jour(s)"
  },
  {
    "Rayon": "Accompagnements Assaisonnement",
    "Libellé produit": "vinaigre balsamique blanc",
    "Marque": "BORGES",
    "Code Produit": "206975",
    "Température": "Ambiant",
    "Conditionnement": "Par bouteille de 2 litre. Colis de 6 bouteilles.",
    "Unité de commande": "bouteille",
    "Prix": "13,85 EUR",
    "Prix à l'unité de mesure": "6,93 EUR / L",
    "Prix à la portion": "83,12 EUR / colis",
    "DLC garantie au client": "30 jour(s)"
  },
  {
    "Rayon": "Accompagnements Assaisonnement",
    "Libellé produit": "pate de sesame tahini",
    "Marque": "CEREN",
    "Code Produit": "207005",
    "Température": "Ambiant",
    "Conditionnement": "Par bouteille de 1 kg. Colis de 12 bouteilles.",
    "Unité de commande": "bouteille",
    "Prix": "11,44 EUR",
    "Prix à l'unité de mesure": "11,44 EUR / kg",
    "Prix à la portion": "137,33 EUR / colis",
    "DLC garantie au client": "30 jour(s)"
  },
  {
    "Rayon": "Accompagnements Assaisonnement",
    "Libellé produit": "Tagliatelle aux oeufs",
    "Marque": "DE CECCO",
    "Code Produit": "207074",
    "Température": "Ambiant",
    "Conditionnement": "Sachet de 500 g. Colis de 8 sachets.",
    "Unité de commande": "colis",
    "Prix": "22,30 EUR",
    "Prix à l'unité de mesure": "5,57 EUR / kg",
    "Prix à la portion": "2,79 EUR / sachet",
    "DLC garantie au client": "30 jour(s)"
  },
  {
    "Rayon": "Accompagnements Assaisonnement",
    "Libellé produit": "Polenta express",
    "Marque": "SABAROT",
    "Code Produit": "207094",
    "Température": "Ambiant",
    "Conditionnement": "Par sac de 2.5 kg.",
    "Unité de commande": "sac",
    "Prix": "5,16 EUR",
    "Prix à l'unité de mesure": "2,06 EUR / kg",
    "Prix à la portion": "",
    "DLC garantie au client": "30 jour(s)"
  },
  {
    "Rayon": "Crèmerie Œufs Fromages",
    "Libellé produit": "Lait d'amande bio",
    "Marque": "THE BRIDGE",
    "Code Produit": "207098",
    "Température": "Ambiant",
    "Conditionnement": "Bouteille de 1 litre. Colis de 6 bouteilles.",
    "Unité de commande": "colis",
    "Prix": "25,64 EUR",
    "Prix à l'unité de mesure": "4,27 EUR / L",
    "Prix à la portion": "4,27 EUR / bouteille",
    "DLC garantie au client": "30 jour(s)"
  },
  {
    "Rayon": "Accompagnements Assaisonnement",
    "Libellé produit": "Tabasco vert",
    "Marque": "TABASCO",
    "Code Produit": "207168",
    "Température": "Ambiant",
    "Conditionnement": "Par bouteille de 60 ml. Colis de 12 bouteilles.",
    "Unité de commande": "bouteille",
    "Prix": "4,08 EUR",
    "Prix à l'unité de mesure": "67,98 EUR / L",
    "Prix à la portion": "48,95 EUR / colis",
    "DLC garantie au client": "30 jour(s)"
  },
  {
    "Rayon": "Charcuterie Traiteur",
    "Libellé produit": "Lardon cru fumé iqf",
    "Marque": "DEFIAL",
    "Code Produit": "208721",
    "Température": "Surgele",
    "Conditionnement": "Par sachet de 1 kg. Colis de 5 sachets.",
    "Unité de commande": "sachet",
    "Prix": "6,89 EUR",
    "Prix à l'unité de mesure": "6,89 EUR / kg",
    "Prix à la portion": "34,46 EUR / colis",
    "DLC garantie au client": "30 jour(s)"
  },
  {
    "Rayon": "Boissons",
    "Libellé produit": "Pur jus pasteurisé orange bib. bag in box de 3 l",
    "Marque": "ANDROS",
    "Code Produit": "208744",
    "Température": "Frais",
    "Conditionnement": "Bag in box de 3 litre. Colis de 3 bags in box.",
    "Unité de commande": "colis",
    "Prix": "40,74 EUR",
    "Prix à l'unité de mesure": "4,53 EUR / L",
    "Prix à la portion": "13,58 EUR / bag in box",
    "DLC garantie au client": "7 jour(s)"
  },
  {
    "Rayon": "Accompagnements Assaisonnement",
    "Libellé produit": "Fumet de poisson déshydraté. jusqu'à 50 l",
    "Marque": "KNORR",
    "Code Produit": "209045",
    "Température": "Ambiant",
    "Conditionnement": "Par boite de 750 g. Colis de 6 boites.",
    "Unité de commande": "boite",
    "Prix": "17,10 EUR",
    "Prix à l'unité de mesure": "22,80 EUR / kg",
    "Prix à la portion": "102,58 EUR / colis",
    "DLC garantie au client": "30 jour(s)"
  },
  {
    "Rayon": "Pâtisserie Biscuiterie Confiserie",
    "Libellé produit": "Fondant sublime. pret à l'emploi",
    "Marque": "",
    "Code Produit": "209111",
    "Température": "Ambiant",
    "Conditionnement": "Par seau de 7 kg.",
    "Unité de commande": "seau",
    "Prix": "33,70 EUR",
    "Prix à l'unité de mesure": "4,81 EUR / kg",
    "Prix à la portion": "",
    "DLC garantie au client": "30 jour(s)"
  },
  {
    "Rayon": "Pâtisserie Biscuiterie Confiserie",
    "Libellé produit": "Nappage miroir neutre",
    "Marque": "ANCEL",
    "Code Produit": "209427",
    "Température": "Ambiant",
    "Conditionnement": "Par seau de 7 kg.",
    "Unité de commande": "seau",
    "Prix": "34,26 EUR",
    "Prix à l'unité de mesure": "4,89 EUR / kg",
    "Prix à la portion": "",
    "DLC garantie au client": "30 jour(s)"
  },
  {
    "Rayon": "Fruits et Légumes",
    "Libellé produit": "Piment rouge. catégorie 1",
    "Marque": "STKFL",
    "Code Produit": "209655",
    "Température": "Frais",
    "Conditionnement": "Par colis de 4 kg.",
    "Unité de commande": "colis",
    "Prix": "22,74 EUR",
    "Prix à l'unité de mesure": "5,68 EUR / kg",
    "Prix à la portion": "",
    "DLC garantie au client": ""
  },
  {
    "Rayon": "Épicerie",
    "Libellé produit": "Noix de cajou entières",
    "Marque": "OLYMPFRUITS",
    "Code Produit": "209778",
    "Température": "Ambiant",
    "Conditionnement": "Par sachet de 1 kg. Colis de 10 sachets.",
    "Unité de commande": "sachet",
    "Prix": "16,84 EUR",
    "Prix à l'unité de mesure": "16,84 EUR / kg",
    "Prix à la portion": "168,40 EUR / colis",
    "DLC garantie au client": "30 jour(s)"
  },
  {
    "Rayon": "Boissons",
    "Libellé produit": "Jus de pomme",
    "Marque": "ANDROS",
    "Code Produit": "210944",
    "Température": "Frais",
    "Conditionnement": "Par bag in box de 10 litre.",
    "Unité de commande": "bag in box",
    "Prix": "34,53 EUR",
    "Prix à l'unité de mesure": "3,45 EUR / L",
    "Prix à la portion": "",
    "DLC garantie au client": "7 jour(s)"
  },
  {
    "Rayon": "Équipement Hygiène",
    "Libellé produit": "Cartouche pour syphon 8.4g. chantilly",
    "Marque": "MATFER",
    "Code Produit": "211081",
    "Température": "Ambiant",
    "Conditionnement": "Boite de 10 portions.",
    "Unité de commande": "boite",
    "Prix": "6,86 EUR",
    "Prix à l'unité de mesure": "",
    "Prix à la portion": "0,69 EUR / Portion",
    "DLC garantie au client": ""
  },
  {
    "Rayon": "Boissons",
    "Libellé produit": "Vin espagne bacchus rouge 11°",
    "Marque": "BACCHUS",
    "Code Produit": "211413",
    "Température": "Ambiant",
    "Conditionnement": "Par bouteille de 1 litre. Colis de 12 bouteilles.",
    "Unité de commande": "bouteille",
    "Prix": "2,18 EUR",
    "Prix à l'unité de mesure": "2,18 EUR / L",
    "Prix à la portion": "26,11 EUR / colis",
    "DLC garantie au client": ""
  },
  {
    "Rayon": "Boissons",
    "Libellé produit": "Vin espagne bacchus blanc 11°",
    "Marque": "BACCHUS",
    "Code Produit": "211414",
    "Température": "Ambiant",
    "Conditionnement": "Par bouteille de 1 litre. Colis de 12 bouteilles.",
    "Unité de commande": "bouteille",
    "Prix": "2,23 EUR",
    "Prix à l'unité de mesure": "2,23 EUR / L",
    "Prix à la portion": "26,74 EUR / colis",
    "DLC garantie au client": ""
  },
  {
    "Rayon": "Accompagnements Assaisonnement",
    "Libellé produit": "Fond brun lie pour 30 litres",
    "Marque": "KNORR",
    "Code Produit": "211746",
    "Température": "Ambiant",
    "Conditionnement": "Par boite de 750 g. Colis de 6 boites.",
    "Unité de commande": "boite",
    "Prix": "12,90 EUR",
    "Prix à l'unité de mesure": "17,20 EUR / kg",
    "Prix à la portion": "77,42 EUR / colis",
    "DLC garantie au client": "30 jour(s)"
  },
  {
    "Rayon": "Fruits et Légumes",
    "Libellé produit": "Petit pois. catégorie 1",
    "Marque": "AFL",
    "Code Produit": "212227",
    "Température": "Frais",
    "Conditionnement": "Par colis de 6 kg.",
    "Unité de commande": "colis",
    "Prix": "32,47 EUR",
    "Prix à l'unité de mesure": "5,41 EUR / kg",
    "Prix à la portion": "",
    "DLC garantie au client": ""
  },
  {
    "Rayon": "Fruits et Légumes",
    "Libellé produit": "Avocat hass. catégorie 1",
    "Marque": "STKFL",
    "Code Produit": "212229",
    "Température": "Frais",
    "Conditionnement": "Par sachet de 250 g.",
    "Unité de commande": "sachet",
    "Prix": "3,46 EUR",
    "Prix à l'unité de mesure": "13,82 EUR / kg",
    "Prix à la portion": "",
    "DLC garantie au client": ""
  },
  {
    "Rayon": "Fruits et Légumes",
    "Libellé produit": "Laitue feuille",
    "Marque": "ROSEE DES CHAMPS",
    "Code Produit": "212336",
    "Température": "Frais",
    "Conditionnement": "Par sachet de 500 g. Colis de 4 sachets.",
    "Unité de commande": "sachet",
    "Prix": "3,10 EUR",
    "Prix à l'unité de mesure": "6,20 EUR / kg",
    "Prix à la portion": "12,40 EUR / colis",
    "DLC garantie au client": "4 jour(s)"
  },
  {
    "Rayon": "Épicerie",
    "Libellé produit": "Pignons de pin",
    "Marque": "LA PULPE",
    "Code Produit": "212745",
    "Température": "Ambiant",
    "Conditionnement": "Par sachet de 1 kg. Colis de 10 sachets.",
    "Unité de commande": "sachet",
    "Prix": "32,94 EUR",
    "Prix à l'unité de mesure": "32,94 EUR / kg",
    "Prix à la portion": "329,41 EUR / colis",
    "DLC garantie au client": "30 jour(s)"
  },
  {
    "Rayon": "Crèmerie Œufs Fromages",
    "Libellé produit": "Philadelphia cream cheese. 21% m.g.",
    "Marque": "KRAFT",
    "Code Produit": "212775",
    "Température": "Frais",
    "Conditionnement": "Par pot de 1.65 kg. Colis de 4 pots.",
    "Unité de commande": "pot",
    "Prix": "19,16 EUR",
    "Prix à l'unité de mesure": "11,62 EUR / kg",
    "Prix à la portion": "76,66 EUR / colis",
    "DLC garantie au client": "7 jour(s)"
  },
  {
    "Rayon": "Boissons",
    "Libellé produit": "Pur jus d orange bib. bag in box de 10 l",
    "Marque": "ANDROS",
    "Code Produit": "212779",
    "Température": "Frais",
    "Conditionnement": "Par bag in box de 10 litre.",
    "Unité de commande": "bag in box",
    "Prix": "39,53 EUR",
    "Prix à l'unité de mesure": "3,95 EUR / L",
    "Prix à la portion": "",
    "DLC garantie au client": "7 jour(s)"
  },
  {
    "Rayon": "Pains Viennoiserie Pâtes",
    "Libellé produit": "Baguette de campagne lalos. précuite",
    "Marque": "LALOS",
    "Code Produit": "212906",
    "Température": "Surgele",
    "Conditionnement": "Par colis de 7 kg.",
    "Unité de commande": "colis",
    "Prix": "22,13 EUR",
    "Prix à l'unité de mesure": "3,16 EUR / kg",
    "Prix à la portion": "",
    "DLC garantie au client": "30 jour(s)"
  },
  {
    "Rayon": "Accompagnements Assaisonnement",
    "Libellé produit": "Poelée tex mex jalapeno",
    "Marque": "D'AUCY",
    "Code Produit": "212932",
    "Température": "Surgele",
    "Conditionnement": "Par sachet de 2.5 kg. Colis de 4 sachets.",
    "Unité de commande": "sachet",
    "Prix": "11,21 EUR",
    "Prix à l'unité de mesure": "4,49 EUR / kg",
    "Prix à la portion": "44,85 EUR / colis",
    "DLC garantie au client": "30 jour(s)"
  },
  {
    "Rayon": "Accompagnements Assaisonnement",
    "Libellé produit": "Tabasco rouge",
    "Marque": "TABASCO",
    "Code Produit": "213614",
    "Température": "Ambiant",
    "Conditionnement": "Par bouteille de 60 g. Colis de 12 bouteilles.",
    "Unité de commande": "bouteille",
    "Prix": "3,78 EUR",
    "Prix à l'unité de mesure": "62,92 EUR / kg",
    "Prix à la portion": "45,30 EUR / colis",
    "DLC garantie au client": "30 jour(s)"
  },
  {
    "Rayon": "Charcuterie Traiteur",
    "Libellé produit": "Jambon cuit demi supérieur. dégraissé découenné",
    "Marque": "BROCELIANDE",
    "Code Produit": "213639",
    "Température": "Frais",
    "Conditionnement": "Par pièce de 3.6 kg. Colis de 4 pièces.",
    "Unité de commande": "pièce",
    "Prix": "30,01 EUR",
    "Prix à l'unité de mesure": "8,34 EUR / kg",
    "Prix à la portion": "120,05 EUR / colis",
    "DLC garantie au client": "7 jour(s)"
  },
  {
    "Rayon": "Accompagnements Assaisonnement",
    "Libellé produit": "Pesto vert génovese basilic à. l'huile d'olive vierge extra",
    "Marque": "",
    "Code Produit": "213789",
    "Température": "Ambiant",
    "Conditionnement": "Par pot de 950 g. Colis de 6 pots.",
    "Unité de commande": "pot",
    "Prix": "14,65 EUR",
    "Prix à l'unité de mesure": "15,42 EUR / kg",
    "Prix à la portion": "87,90 EUR / colis",
    "DLC garantie au client": "30 jour(s)"
  },
  {
    "Rayon": "Fruits et Légumes",
    "Libellé produit": "Oignon cebette. catégorie 1",
    "Marque": "STKFL",
    "Code Produit": "214021",
    "Température": "Frais",
    "Conditionnement": "Par pièce de 100 g.",
    "Unité de commande": "pièce",
    "Prix": "0,89 EUR",
    "Prix à l'unité de mesure": "8,90 EUR / kg",
    "Prix à la portion": "",
    "DLC garantie au client": ""
  },
  {
    "Rayon": "Pains Viennoiserie Pâtes",
    "Libellé produit": "Pain b'break au muesli. cuit sur sole",
    "Marque": "BRIDOR",
    "Code Produit": "214055",
    "Température": "Surgele",
    "Conditionnement": "Portion de 70 g. Colis de 40 portions.",
    "Unité de commande": "colis",
    "Prix": "17,59 EUR",
    "Prix à l'unité de mesure": "6,28 EUR / kg",
    "Prix à la portion": "0,44 EUR / Portion",
    "DLC garantie au client": "30 jour(s)"
  },
  {
    "Rayon": "Crèmerie Œufs Fromages",
    "Libellé produit": "Mini babybel rouge",
    "Marque": "BEL",
    "Code Produit": "214110",
    "Température": "Frais",
    "Conditionnement": "Portion de 20 g. Coffret de 96 portions.",
    "Unité de commande": "coffret",
    "Prix": "39,64 EUR",
    "Prix à l'unité de mesure": "20,64 EUR / kg",
    "Prix à la portion": "0,41 EUR / Portion",
    "DLC garantie au client": "7 jour(s)"
  },
  {
    "Rayon": "Crèmerie Œufs Fromages",
    "Libellé produit": "Crème liquide campina 30% m.g",
    "Marque": "CAMPINA",
    "Code Produit": "214672",
    "Température": "Frais",
    "Conditionnement": "Brick de 1 litre. Colis de 12 bricks.",
    "Unité de commande": "colis",
    "Prix": "53,38 EUR",
    "Prix à l'unité de mesure": "4,45 EUR / L",
    "Prix à la portion": "4,45 EUR / brick",
    "DLC garantie au client": "7 jour(s)"
  },
  {
    "Rayon": "Accompagnements Assaisonnement",
    "Libellé produit": "Spigol naturel boite metal. boite de 100 g",
    "Marque": "ESPIG",
    "Code Produit": "214979",
    "Température": "Ambiant",
    "Conditionnement": "Par boite de 100 g. Colis de 12 boites.",
    "Unité de commande": "boite",
    "Prix": "23,28 EUR",
    "Prix à l'unité de mesure": "232,79 EUR / kg",
    "Prix à la portion": "279,35 EUR / colis",
    "DLC garantie au client": "30 jour(s)"
  },
  {
    "Rayon": "Accompagnements Assaisonnement",
    "Libellé produit": "Vinaigre balsamique de modène. IGP Andrea Ortalli",
    "Marque": "ORTALLI",
    "Code Produit": "215347",
    "Température": "Ambiant",
    "Conditionnement": "Par bouteille de 250 ml. Colis de 6 bouteilles.",
    "Unité de commande": "bouteille",
    "Prix": "7,17 EUR",
    "Prix à l'unité de mesure": "28,66 EUR / L",
    "Prix à la portion": "42,99 EUR / colis",
    "DLC garantie au client": "30 jour(s)"
  },
  {
    "Rayon": "Fruits et Légumes",
    "Libellé produit": "Salade multifeuille",
    "Marque": "ROSEE DES CHAMPS",
    "Code Produit": "215384",
    "Température": "Frais",
    "Conditionnement": "Sachet de 500 g. Colis de 4 sachets.",
    "Unité de commande": "colis",
    "Prix": "14,98 EUR",
    "Prix à l'unité de mesure": "7,49 EUR / kg",
    "Prix à la portion": "3,74 EUR / sachet",
    "DLC garantie au client": "4 jour(s)"
  },
  {
    "Rayon": "Desserts Glaces",
    "Libellé produit": "Pancake 10 cm. pièce de 30 g",
    "Marque": "LE MONDE DES CREPES",
    "Code Produit": "215689",
    "Température": "Surgele",
    "Conditionnement": "Portion de 30 g. Colis de 80 portions.",
    "Unité de commande": "colis",
    "Prix": "18,08 EUR",
    "Prix à l'unité de mesure": "7,54 EUR / kg",
    "Prix à la portion": "0,23 EUR / Portion",
    "DLC garantie au client": "30 jour(s)"
  },
  {
    "Rayon": "Pâtisserie Biscuiterie Confiserie",
    "Libellé produit": "Praliné amandes / noisettes",
    "Marque": "CACAO BARRY",
    "Code Produit": "215772",
    "Température": "Ambiant",
    "Conditionnement": "Par seau de 5 kg. Colis de 2 seaux.",
    "Unité de commande": "seau",
    "Prix": "80,37 EUR",
    "Prix à l'unité de mesure": "16,08 EUR / kg",
    "Prix à la portion": "160,75 EUR / colis",
    "DLC garantie au client": "30 jour(s)"
  },
  {
    "Rayon": "Épicerie",
    "Libellé produit": "Amande en poudre blanche",
    "Marque": "LA PULPE",
    "Code Produit": "216006",
    "Température": "Ambiant",
    "Conditionnement": "Par sachet de 1 kg. Colis de 10 sachets.",
    "Unité de commande": "sachet",
    "Prix": "11,30 EUR",
    "Prix à l'unité de mesure": "11,30 EUR / kg",
    "Prix à la portion": "112,96 EUR / colis",
    "DLC garantie au client": "60 jour(s)"
  },
  {
    "Rayon": "Pâtisserie Biscuiterie Confiserie",
    "Libellé produit": "Agar agar",
    "Marque": "EXCELLENCE",
    "Code Produit": "216160",
    "Température": "Ambiant",
    "Conditionnement": "Par bocal de 270 g. Colis de 4 bocaux.",
    "Unité de commande": "bocal",
    "Prix": "15,86 EUR",
    "Prix à l'unité de mesure": "58,76 EUR / kg",
    "Prix à la portion": "63,46 EUR / colis",
    "DLC garantie au client": "30 jour(s)"
  },
  {
    "Rayon": "Pâtisserie Biscuiterie Confiserie",
    "Libellé produit": "Gélatine 200 bloom. 250 feuilles",
    "Marque": "EXCELLENCE",
    "Code Produit": "216577",
    "Température": "Ambiant",
    "Conditionnement": "Portion de 2 g. Boite de 250 portions.",
    "Unité de commande": "boite",
    "Prix": "15,08 EUR",
    "Prix à l'unité de mesure": "30,17 EUR / kg",
    "Prix à la portion": "0,06 EUR / Portion",
    "DLC garantie au client": "30 jour(s)"
  },
  {
    "Rayon": "Charcuterie Traiteur",
    "Libellé produit": "Escargot de Bourgogne belle. grosseur. recette à la bourguignonne",
    "Marque": "FDG RESTAURATION",
    "Code Produit": "216844",
    "Température": "Surgele",
    "Conditionnement": "Portion de 7.396 g. Sachet de 48 portions.",
    "Unité de commande": "sachet",
    "Prix": "17,71 EUR",
    "Prix à l'unité de mesure": "49,90 EUR / kg",
    "Prix à la portion": "0,37 EUR / Portion",
    "DLC garantie au client": "30 jour(s)"
  },
  {
    "Rayon": "Fruits et Légumes",
    "Libellé produit": "Pitaya chair blanche. catégorie 1",
    "Marque": "STKFL",
    "Code Produit": "217026",
    "Température": "Frais",
    "Conditionnement": "Par colis de 3 kg.",
    "Unité de commande": "colis",
    "Prix": "39,43 EUR",
    "Prix à l'unité de mesure": "13,14 EUR / kg",
    "Prix à la portion": "",
    "DLC garantie au client": ""
  },
  {
    "Rayon": "Crèmerie Œufs Fromages",
    "Libellé produit": "Cream Cheese. 25 % m.g.",
    "Marque": "ELLE & VIRE",
    "Code Produit": "217027",
    "Température": "Frais",
    "Conditionnement": "Par barquette de 1 kg. Colis de 4 barquettes.",
    "Unité de commande": "barquette",
    "Prix": "13,02 EUR",
    "Prix à l'unité de mesure": "13,02 EUR / kg",
    "Prix à la portion": "52,07 EUR / colis",
    "DLC garantie au client": "7 jour(s)"
  },
  {
    "Rayon": "Crèmerie Œufs Fromages",
    "Libellé produit": "Camembert au lait cru. 22 % m.g.",
    "Marque": "FLEURS DE POMMIER",
    "Code Produit": "217050",
    "Température": "Frais",
    "Conditionnement": "Par pièce de 250 g. Colis de 30 pièces.",
    "Unité de commande": "pièce",
    "Prix": "2,99 EUR",
    "Prix à l'unité de mesure": "11,97 EUR / kg",
    "Prix à la portion": "89,79 EUR / colis",
    "DLC garantie au client": "7 jour(s)"
  },
  {
    "Rayon": "Accompagnements Assaisonnement",
    "Libellé produit": "HARICOT LINGOT BLANC. SAC DE 5 KG",
    "Marque": "SABAROT",
    "Code Produit": "217154",
    "Température": "Ambiant",
    "Conditionnement": "Par sac de 5 kg.",
    "Unité de commande": "sac",
    "Prix": "15,05 EUR",
    "Prix à l'unité de mesure": "3,01 EUR / kg",
    "Prix à la portion": "",
    "DLC garantie au client": "30 jour(s)"
  },
  {
    "Rayon": "Pains Viennoiserie Pâtes",
    "Libellé produit": "Pain aux figues lalos",
    "Marque": "LALOS",
    "Code Produit": "217176",
    "Température": "Surgele",
    "Conditionnement": "Portion de 330 g. Colis de 26 portions.",
    "Unité de commande": "colis",
    "Prix": "43,68 EUR",
    "Prix à l'unité de mesure": "5,09 EUR / kg",
    "Prix à la portion": "1,68 EUR / Portion",
    "DLC garantie au client": "30 jour(s)"
  },
  {
    "Rayon": "Accompagnements Assaisonnement",
    "Libellé produit": "Purée de pommes de terre",
    "Marque": "MC CAIN",
    "Code Produit": "217227",
    "Température": "Surgele",
    "Conditionnement": "Par sachet de 3 kg. Colis de 3 sachets.",
    "Unité de commande": "sachet",
    "Prix": "9,11 EUR",
    "Prix à l'unité de mesure": "3,04 EUR / kg",
    "Prix à la portion": "27,32 EUR / colis",
    "DLC garantie au client": "30 jour(s)"
  },
  {
    "Rayon": "Épicerie",
    "Libellé produit": "Bigarreaux amarena",
    "Marque": "APTUNION",
    "Code Produit": "217405",
    "Température": "Ambiant",
    "Conditionnement": "Par boite 4/4 de 1 kg. Colis de 12 boites 4/4.",
    "Unité de commande": "boite 4/4",
    "Prix": "8,60 EUR",
    "Prix à l'unité de mesure": "8,60 EUR / kg",
    "Prix à la portion": "103,19 EUR / colis",
    "DLC garantie au client": "30 jour(s)"
  },
  {
    "Rayon": "Pâtisserie Biscuiterie Confiserie",
    "Libellé produit": "Glaçage miroir noir à chaud",
    "Marque": "ANCEL",
    "Code Produit": "217416",
    "Température": "Ambiant",
    "Conditionnement": "Par seau de 3 kg.",
    "Unité de commande": "seau",
    "Prix": "21,60 EUR",
    "Prix à l'unité de mesure": "7,20 EUR / kg",
    "Prix à la portion": "",
    "DLC garantie au client": "30 jour(s)"
  },
  {
    "Rayon": "Pains Viennoiserie Pâtes",
    "Libellé produit": "Pain sans gluten. emballage individuel",
    "Marque": "BRIDOR",
    "Code Produit": "217425",
    "Température": "Surgele",
    "Conditionnement": "Portion de 45 g. Colis de 50 portions.",
    "Unité de commande": "colis",
    "Prix": "36,32 EUR",
    "Prix à l'unité de mesure": "16,14 EUR / kg",
    "Prix à la portion": "0,73 EUR / Portion",
    "DLC garantie au client": "30 jour(s)"
  },
  {
    "Rayon": "Accompagnements Assaisonnement",
    "Libellé produit": "Morilles spéciales sans. queue",
    "Marque": "SABAROT",
    "Code Produit": "218043",
    "Température": "Ambiant",
    "Conditionnement": "Par tubo de 250 g. Colis de 6 tubo.",
    "Unité de commande": "tubo",
    "Prix": "67,13 EUR",
    "Prix à l'unité de mesure": "268,52 EUR / kg",
    "Prix à la portion": "402,78 EUR / colis",
    "DLC garantie au client": "30 jour(s)"
  },
  {
    "Rayon": "Accompagnements Assaisonnement",
    "Libellé produit": "Sauce soja tamari sans gluten",
    "Marque": "UMAMI",
    "Code Produit": "218063",
    "Température": "Ambiant",
    "Conditionnement": "Par bouteille de 2.106 litre. Colis de 6 bouteilles.",
    "Unité de commande": "bouteille",
    "Prix": "11,59 EUR",
    "Prix à l'unité de mesure": "5,50 EUR / L",
    "Prix à la portion": "69,52 EUR / colis",
    "DLC garantie au client": "30 jour(s)"
  },
  {
    "Rayon": "Accompagnements Assaisonnement",
    "Libellé produit": "spaghetti",
    "Marque": "GAROFALO RISTORANT",
    "Code Produit": "218676",
    "Température": "Ambiant",
    "Conditionnement": "Par sac de 3 kg. Colis de 4 sacs.",
    "Unité de commande": "sac",
    "Prix": "10,48 EUR",
    "Prix à l'unité de mesure": "3,49 EUR / kg",
    "Prix à la portion": "41,92 EUR / colis",
    "DLC garantie au client": "30 jour(s)"
  },
  {
    "Rayon": "Équipement Hygiène",
    "Libellé produit": "Capsules isi n20. 8.4g",
    "Marque": "MATFER",
    "Code Produit": "219622",
    "Température": "Ambiant",
    "Conditionnement": "Boite de 24 portions.",
    "Unité de commande": "boite",
    "Prix": "15,03 EUR",
    "Prix à l'unité de mesure": "",
    "Prix à la portion": "0,63 EUR / Portion",
    "DLC garantie au client": ""
  },
  {
    "Rayon": "Charcuterie Traiteur",
    "Libellé produit": "Haché végétarien",
    "Marque": "BOUCHER VEGETARIEN",
    "Code Produit": "219658",
    "Température": "Surgele",
    "Conditionnement": "Par colis de 2 kg.",
    "Unité de commande": "colis",
    "Prix": "29,15 EUR",
    "Prix à l'unité de mesure": "14,58 EUR / kg",
    "Prix à la portion": "",
    "DLC garantie au client": "30 jour(s)"
  },
  {
    "Rayon": "Charcuterie Traiteur",
    "Libellé produit": "Mini panés végètarien",
    "Marque": "BOUCHER VEGETARIEN",
    "Code Produit": "219659",
    "Température": "Surgele",
    "Conditionnement": "Par colis de 1.75 kg.",
    "Unité de commande": "colis",
    "Prix": "24,30 EUR",
    "Prix à l'unité de mesure": "13,89 EUR / kg",
    "Prix à la portion": "",
    "DLC garantie au client": "30 jour(s)"
  },
  {
    "Rayon": "Poissons Coquillages Crustacés",
    "Libellé produit": "Filet de sandre avec peau",
    "Marque": "",
    "Code Produit": "219865",
    "Température": "Surgele",
    "Conditionnement": "Par colis de 5 kg.",
    "Unité de commande": "colis",
    "Prix": "99,82 EUR",
    "Prix à l'unité de mesure": "19,97 EUR / kg",
    "Prix à la portion": "",
    "DLC garantie au client": "30 jour(s)"
  },
  {
    "Rayon": "Fruits et Légumes",
    "Libellé produit": "Batavia coupée",
    "Marque": "FLORETTE",
    "Code Produit": "219982",
    "Température": "Frais",
    "Conditionnement": "Par sachet de 500 g. Colis de 6 sachets.",
    "Unité de commande": "sachet",
    "Prix": "2,58 EUR",
    "Prix à l'unité de mesure": "5,15 EUR / kg",
    "Prix à la portion": "15,46 EUR / colis",
    "DLC garantie au client": "3 jour(s)"
  },
  {
    "Rayon": "Fruits et Légumes",
    "Libellé produit": "Roquette",
    "Marque": "FLORETTE",
    "Code Produit": "219988",
    "Température": "Frais",
    "Conditionnement": "Par sachet de 300 g. Colis de 6 sachets.",
    "Unité de commande": "sachet",
    "Prix": "2,83 EUR",
    "Prix à l'unité de mesure": "9,44 EUR / kg",
    "Prix à la portion": "16,99 EUR / colis",
    "DLC garantie au client": "3 jour(s)"
  },
  {
    "Rayon": "Fruits et Légumes",
    "Libellé produit": "Mesclun",
    "Marque": "FLORETTE",
    "Code Produit": "219990",
    "Température": "Frais",
    "Conditionnement": "Par sachet de 300 g. Colis de 6 sachets.",
    "Unité de commande": "sachet",
    "Prix": "2,61 EUR",
    "Prix à l'unité de mesure": "8,70 EUR / kg",
    "Prix à la portion": "15,66 EUR / colis",
    "DLC garantie au client": "3 jour(s)"
  },
  {
    "Rayon": "Crèmerie Œufs Fromages",
    "Libellé produit": "Camembert de Normandie. au lait cru, 20% m.g. aop",
    "Marque": "SELECTION MQH POUR TG",
    "Code Produit": "221189",
    "Température": "Frais",
    "Conditionnement": "Par pièce de 250 g. Colis de 6 pièces.",
    "Unité de commande": "pièce",
    "Prix": "4,34 EUR",
    "Prix à l'unité de mesure": "17,36 EUR / kg",
    "Prix à la portion": "26,05 EUR / colis",
    "DLC garantie au client": "7 jour(s)"
  },
  {
    "Rayon": "Crèmerie Œufs Fromages",
    "Libellé produit": "Pont l'éveque au lait cru aop. 25 % m.g.",
    "Marque": "SELECTION MQH POUR TG",
    "Code Produit": "221190",
    "Température": "Frais",
    "Conditionnement": "Par pièce de 400 g. Colis de 6 pièces.",
    "Unité de commande": "pièce",
    "Prix": "6,97 EUR",
    "Prix à l'unité de mesure": "17,43 EUR / kg",
    "Prix à la portion": "41,82 EUR / colis",
    "DLC garantie au client": "7 jour(s)"
  },
  {
    "Rayon": "Crèmerie Œufs Fromages",
    "Libellé produit": "Comté extra aop affiné 12 mois. 34.6 % m.g.",
    "Marque": "SELECTION MQH POUR TG",
    "Code Produit": "221201",
    "Température": "Frais",
    "Conditionnement": "Par pièce de 500 g. Colis de 10 pièces.",
    "Unité de commande": "pièce",
    "Prix": "10,20 EUR",
    "Prix à l'unité de mesure": "20,40 EUR / kg",
    "Prix à la portion": "102,01 EUR / colis",
    "DLC garantie au client": "7 jour(s)"
  },
  {
    "Rayon": "Crèmerie Œufs Fromages",
    "Libellé produit": "Comté extra aop affiné 24. mois, 34.6 % m.g.",
    "Marque": "SELECTION MQH POUR TG",
    "Code Produit": "221202",
    "Température": "Frais",
    "Conditionnement": "Par pièce de 500 g. Colis de 10 pièces.",
    "Unité de commande": "pièce",
    "Prix": "11,72 EUR",
    "Prix à l'unité de mesure": "23,44 EUR / kg",
    "Prix à la portion": "117,18 EUR / colis",
    "DLC garantie au client": "7 jour(s)"
  },
  {
    "Rayon": "Crèmerie Œufs Fromages",
    "Libellé produit": "Selles sur cher aop fermier",
    "Marque": "SELECTION MQH POUR TG",
    "Code Produit": "221207",
    "Température": "Frais",
    "Conditionnement": "Pièce de 150 g. Colis de 6 pièces.",
    "Unité de commande": "colis",
    "Prix": "22,93 EUR",
    "Prix à l'unité de mesure": "25,48 EUR / kg",
    "Prix à la portion": "3,82 EUR / pièce",
    "DLC garantie au client": "7 jour(s)"
  },
  {
    "Rayon": "Viandes Volailles Gibier",
    "Libellé produit": "Suprême de poulet IQF. calibre de 160/200 g. colis de 3 kg",
    "Marque": "",
    "Code Produit": "221271",
    "Température": "Surgele",
    "Conditionnement": "Par colis de 3 kg.",
    "Unité de commande": "colis",
    "Prix": "29,84 EUR",
    "Prix à l'unité de mesure": "9,95 EUR / kg",
    "Prix à la portion": "",
    "DLC garantie au client": "30 jour(s)"
  },
  {
    "Rayon": "Crèmerie Œufs Fromages",
    "Libellé produit": "Beurre doux pasteurisé ap. AOP",
    "Marque": "LESCURE",
    "Code Produit": "221550",
    "Température": "Frais",
    "Conditionnement": "Plaque de 1 kg. Colis de 10 plaques.",
    "Unité de commande": "colis",
    "Prix": "132,35 EUR",
    "Prix à l'unité de mesure": "13,24 EUR / kg",
    "Prix à la portion": "13,24 EUR / plaque",
    "DLC garantie au client": "7 jour(s)"
  },
  {
    "Rayon": "Pâtisserie Biscuiterie Confiserie",
    "Libellé produit": "Pâte arômatique à la pistache",
    "Marque": "CRESCO",
    "Code Produit": "222304",
    "Température": "Ambiant",
    "Conditionnement": "Par seau de 3 kg.",
    "Unité de commande": "seau",
    "Prix": "99,14 EUR",
    "Prix à l'unité de mesure": "33,05 EUR / kg",
    "Prix à la portion": "",
    "DLC garantie au client": "30 jour(s)"
  },
  {
    "Rayon": "Accompagnements Assaisonnement",
    "Libellé produit": "Cèpes morceaux",
    "Marque": "ASIAGO FOOD",
    "Code Produit": "222947",
    "Température": "Surgele",
    "Conditionnement": "Par sachet de 1 kg. Colis de 6 sachets.",
    "Unité de commande": "sachet",
    "Prix": "9,59 EUR",
    "Prix à l'unité de mesure": "9,59 EUR / kg",
    "Prix à la portion": "57,56 EUR / colis",
    "DLC garantie au client": "30 jour(s)"
  },
  {
    "Rayon": "Accompagnements Assaisonnement",
    "Libellé produit": "Girolle",
    "Marque": "CHAMPILAND",
    "Code Produit": "222964",
    "Température": "Surgele",
    "Conditionnement": "Par sachet de 1 kg. Colis de 5 sachets.",
    "Unité de commande": "sachet",
    "Prix": "11,28 EUR",
    "Prix à l'unité de mesure": "11,28 EUR / kg",
    "Prix à la portion": "56,42 EUR / colis",
    "DLC garantie au client": "30 jour(s)"
  },
  {
    "Rayon": "Accompagnements Assaisonnement",
    "Libellé produit": "Mélange forestier",
    "Marque": "CHAMPILAND",
    "Code Produit": "223073",
    "Température": "Surgele",
    "Conditionnement": "Par sachet de 1 kg. Colis de 5 sachets.",
    "Unité de commande": "sachet",
    "Prix": "5,26 EUR",
    "Prix à l'unité de mesure": "5,26 EUR / kg",
    "Prix à la portion": "26,30 EUR / colis",
    "DLC garantie au client": "30 jour(s)"
  },
  {
    "Rayon": "Pains Viennoiserie Pâtes",
    "Libellé produit": "Pain batard precuit LALOS. pièce de 540 g. colis de 14",
    "Marque": "BRIDOR",
    "Code Produit": "223230",
    "Température": "Surgele",
    "Conditionnement": "Portion de 540 g. Colis de 14 portions.",
    "Unité de commande": "colis",
    "Prix": "20,21 EUR",
    "Prix à l'unité de mesure": "2,67 EUR / kg",
    "Prix à la portion": "1,44 EUR / Portion",
    "DLC garantie au client": "30 jour(s)"
  },
  {
    "Rayon": "Pains Viennoiserie Pâtes",
    "Libellé produit": "Pain cerealier precuit LALOS. pièce de 450 g. colis de 16",
    "Marque": "BRIDOR",
    "Code Produit": "223231",
    "Température": "Surgele",
    "Conditionnement": "Portion de 450 g. Colis de 16 portions.",
    "Unité de commande": "colis",
    "Prix": "23,14 EUR",
    "Prix à l'unité de mesure": "3,21 EUR / kg",
    "Prix à la portion": "1,45 EUR / Portion",
    "DLC garantie au client": "30 jour(s)"
  },
  {
    "Rayon": "Poissons Coquillages Crustacés",
    "Libellé produit": "Saumon élevé en écosse. label rouge",
    "Marque": "",
    "Code Produit": "223259",
    "Température": "Frais",
    "Conditionnement": "Par pièce de 4.5 kg.",
    "Unité de commande": "pièce",
    "Prix": "58,95 EUR",
    "Prix à l'unité de mesure": "13,10 EUR / kg",
    "Prix à la portion": "",
    "DLC garantie au client": ""
  },
  {
    "Rayon": "Poissons Coquillages Crustacés",
    "Libellé produit": "Homard europe",
    "Marque": "",
    "Code Produit": "223284",
    "Température": "Frais",
    "Conditionnement": "Par pièce de 500 g.",
    "Unité de commande": "pièce",
    "Prix": "20,50 EUR",
    "Prix à l'unité de mesure": "41,00 EUR / kg",
    "Prix à la portion": "",
    "DLC garantie au client": ""
  },
  {
    "Rayon": "Poissons Coquillages Crustacés",
    "Libellé produit": "Homard nord américain",
    "Marque": "",
    "Code Produit": "223286",
    "Température": "Frais",
    "Conditionnement": "Par pièce de 500 g.",
    "Unité de commande": "pièce",
    "Prix": "15,90 EUR",
    "Prix à l'unité de mesure": "31,80 EUR / kg",
    "Prix à la portion": "",
    "DLC garantie au client": ""
  },
  {
    "Rayon": "Poissons Coquillages Crustacés",
    "Libellé produit": "Homard nord américain",
    "Marque": "",
    "Code Produit": "223287",
    "Température": "Frais",
    "Conditionnement": "Par pièce de 700 g.",
    "Unité de commande": "pièce",
    "Prix": "23,66 EUR",
    "Prix à l'unité de mesure": "33,80 EUR / kg",
    "Prix à la portion": "",
    "DLC garantie au client": ""
  },
  {
    "Rayon": "Charcuterie Traiteur",
    "Libellé produit": "Palet végétarien",
    "Marque": "BOUCHER VEGETARIEN",
    "Code Produit": "223775",
    "Température": "Surgele",
    "Conditionnement": "Portion de 80 g. Colis de 30 portions.",
    "Unité de commande": "colis",
    "Prix": "33,64 EUR",
    "Prix à l'unité de mesure": "14,02 EUR / kg",
    "Prix à la portion": "1,12 EUR / Portion",
    "DLC garantie au client": "30 jour(s)"
  },
  {
    "Rayon": "Épicerie",
    "Libellé produit": "Edulcorant de table Pure Via",
    "Marque": "PURE VIA",
    "Code Produit": "223866",
    "Température": "Ambiant",
    "Conditionnement": "Portion de 1 g. Boite de 300 portions.",
    "Unité de commande": "boite",
    "Prix": "10,62 EUR",
    "Prix à l'unité de mesure": "35,40 EUR / kg",
    "Prix à la portion": "0,04 EUR / Portion",
    "DLC garantie au client": "30 jour(s)"
  },
  {
    "Rayon": "Poissons Coquillages Crustacés",
    "Libellé produit": "Tentacule de poulpe cuite. calibre 150/200 sous vide",
    "Marque": "SEABLUE",
    "Code Produit": "223978",
    "Température": "Surgele",
    "Conditionnement": "Par colis de 3 kg.",
    "Unité de commande": "colis",
    "Prix": "109,54 EUR",
    "Prix à l'unité de mesure": "36,51 EUR / kg",
    "Prix à la portion": "",
    "DLC garantie au client": "30 jour(s)"
  },
  {
    "Rayon": "Accompagnements Assaisonnement",
    "Libellé produit": "Mayonnaise haute fermeté. Seau de 5l",
    "Marque": "LESIEUR",
    "Code Produit": "224744",
    "Température": "Ambiant",
    "Conditionnement": "Par seau de 5 litre.",
    "Unité de commande": "seau",
    "Prix": "24,76 EUR",
    "Prix à l'unité de mesure": "4,95 EUR / L",
    "Prix à la portion": "",
    "DLC garantie au client": "30 jour(s)"
  },
  {
    "Rayon": "Viandes Volailles Gibier",
    "Libellé produit": "Steak haché black angus façon. bouchère 20% m.g.",
    "Marque": "NEWBIF",
    "Code Produit": "225512",
    "Température": "Surgele",
    "Conditionnement": "Portion de 150 g. Colis de 20 portions.",
    "Unité de commande": "colis",
    "Prix": "41,56 EUR",
    "Prix à l'unité de mesure": "13,85 EUR / kg",
    "Prix à la portion": "2,08 EUR / Portion",
    "DLC garantie au client": "30 jour(s)"
  },
  {
    "Rayon": "Équipement Hygiène",
    "Libellé produit": "Sac sous vide. dim. 300 x 400 mm",
    "Marque": "MATFER",
    "Code Produit": "226037",
    "Température": "Ambiant",
    "Conditionnement": "",
    "Unité de commande": "pièce",
    "Prix": "27,52 EUR",
    "Prix à l'unité de mesure": "",
    "Prix à la portion": "",
    "DLC garantie au client": ""
  },
  {
    "Rayon": "Épicerie",
    "Libellé produit": "Figues séchées dépédonculées",
    "Marque": "DAURCES",
    "Code Produit": "226687",
    "Température": "Ambiant",
    "Conditionnement": "Par sachet de 1 kg. Colis de 10 sachets.",
    "Unité de commande": "sachet",
    "Prix": "8,67 EUR",
    "Prix à l'unité de mesure": "8,67 EUR / kg",
    "Prix à la portion": "86,72 EUR / colis",
    "DLC garantie au client": "30 jour(s)"
  },
  {
    "Rayon": "Équipement Hygiène",
    "Libellé produit": "Tampon vert abrasif 15x23. paquet de 10",
    "Marque": "SPONTEX",
    "Code Produit": "227062",
    "Température": "Ambiant",
    "Conditionnement": "Sachet de 10 portions.",
    "Unité de commande": "sachet",
    "Prix": "4,95 EUR",
    "Prix à l'unité de mesure": "",
    "Prix à la portion": "0,50 EUR / Portion",
    "DLC garantie au client": ""
  },
  {
    "Rayon": "Pâtisserie Biscuiterie Confiserie",
    "Libellé produit": "purée mandarine non sucrée",
    "Marque": "LES VERGERS BOIRON",
    "Code Produit": "227130",
    "Température": "Surgele",
    "Conditionnement": "Par barquette de 1 kg. Colis de 6 barquettes.",
    "Unité de commande": "barquette",
    "Prix": "6,06 EUR",
    "Prix à l'unité de mesure": "6,06 EUR / kg",
    "Prix à la portion": "36,35 EUR / colis",
    "DLC garantie au client": "30 jour(s)"
  },
  {
    "Rayon": "Pâtisserie Biscuiterie Confiserie",
    "Libellé produit": "Colorant jaune",
    "Marque": "SEBALCE",
    "Code Produit": "227133",
    "Température": "Ambiant",
    "Conditionnement": "Par bouteille de 500 ml. Colis de 6 bouteilles.",
    "Unité de commande": "bouteille",
    "Prix": "11,93 EUR",
    "Prix à l'unité de mesure": "23,85 EUR / L",
    "Prix à la portion": "71,56 EUR / colis",
    "DLC garantie au client": "30 jour(s)"
  },
  {
    "Rayon": "Équipement Hygiène",
    "Libellé produit": "Bobine 18x27 450 feuilles. 2 plis blanc sans manderin",
    "Marque": "TORK",
    "Code Produit": "227410",
    "Température": "Ambiant",
    "Conditionnement": "Colis de 6 bobines.",
    "Unité de commande": "colis",
    "Prix": "21,62 EUR",
    "Prix à l'unité de mesure": "",
    "Prix à la portion": "3,60 EUR / bobine",
    "DLC garantie au client": ""
  },
  {
    "Rayon": "Poissons Coquillages Crustacés",
    "Libellé produit": "Cabillaud. vdk (vidé décapité)",
    "Marque": "",
    "Code Produit": "227726",
    "Température": "Frais",
    "Conditionnement": "Par pièce de 5 kg.",
    "Unité de commande": "pièce",
    "Prix": "108,00 EUR",
    "Prix à l'unité de mesure": "21,60 EUR / kg",
    "Prix à la portion": "",
    "DLC garantie au client": ""
  },
  {
    "Rayon": "Poissons Coquillages Crustacés",
    "Libellé produit": "Filet cabillaud avec peau",
    "Marque": "",
    "Code Produit": "227730",
    "Température": "Frais",
    "Conditionnement": "Par pièce de 1.429 kg.",
    "Unité de commande": "pièce",
    "Prix": "49,44 EUR",
    "Prix à l'unité de mesure": "34,60 EUR / kg",
    "Prix à la portion": "",
    "DLC garantie au client": ""
  },
  {
    "Rayon": "Fruits et Légumes",
    "Libellé produit": "Chou rouge émincé",
    "Marque": "ROSEE DES CHAMPS",
    "Code Produit": "228298",
    "Température": "Frais",
    "Conditionnement": "Par sachet de 1 kg. Colis de 8 sachets.",
    "Unité de commande": "sachet",
    "Prix": "2,66 EUR",
    "Prix à l'unité de mesure": "2,66 EUR / kg",
    "Prix à la portion": "21,27 EUR / colis",
    "DLC garantie au client": "4 jour(s)"
  },
  {
    "Rayon": "Fruits et Légumes",
    "Libellé produit": "Mâche",
    "Marque": "ROSEE DES CHAMPS",
    "Code Produit": "228299",
    "Température": "Frais",
    "Conditionnement": "Par sachet de 250 g. Colis de 8 sachets.",
    "Unité de commande": "sachet",
    "Prix": "2,24 EUR",
    "Prix à l'unité de mesure": "8,96 EUR / kg",
    "Prix à la portion": "17,93 EUR / colis",
    "DLC garantie au client": "4 jour(s)"
  },
  {
    "Rayon": "Fruits et Légumes",
    "Libellé produit": "Laitue iceberg chiffonnade",
    "Marque": "ROSEE DES CHAMPS",
    "Code Produit": "228300",
    "Température": "Frais",
    "Conditionnement": "Par sachet de 500 g. Colis de 12 sachets.",
    "Unité de commande": "sachet",
    "Prix": "1,85 EUR",
    "Prix à l'unité de mesure": "3,69 EUR / kg",
    "Prix à la portion": "22,14 EUR / colis",
    "DLC garantie au client": "3 jour(s)"
  },
  {
    "Rayon": "Fruits et Légumes",
    "Libellé produit": "Epinard jeune pousse",
    "Marque": "ROSEE DES CHAMPS",
    "Code Produit": "228318",
    "Température": "Frais",
    "Conditionnement": "Par sachet de 250 g. Colis de 8 sachets.",
    "Unité de commande": "sachet",
    "Prix": "2,43 EUR",
    "Prix à l'unité de mesure": "9,71 EUR / kg",
    "Prix à la portion": "19,42 EUR / colis",
    "DLC garantie au client": "4 jour(s)"
  },
  {
    "Rayon": "Fruits et Légumes",
    "Libellé produit": "Oignon jaune émincé",
    "Marque": "ROSEE DES CHAMPS",
    "Code Produit": "228320",
    "Température": "Frais",
    "Conditionnement": "Par sachet de 1 kg. Colis de 8 sachets.",
    "Unité de commande": "sachet",
    "Prix": "3,69 EUR",
    "Prix à l'unité de mesure": "3,69 EUR / kg",
    "Prix à la portion": "29,52 EUR / colis",
    "DLC garantie au client": "4 jour(s)"
  },
  {
    "Rayon": "Fruits et Légumes",
    "Libellé produit": "Salade tendre pousse",
    "Marque": "ROSEE DES CHAMPS",
    "Code Produit": "228339",
    "Température": "Frais",
    "Conditionnement": "Par sachet de 250 g. Colis de 8 sachets.",
    "Unité de commande": "sachet",
    "Prix": "2,37 EUR",
    "Prix à l'unité de mesure": "9,50 EUR / kg",
    "Prix à la portion": "18,99 EUR / colis",
    "DLC garantie au client": "4 jour(s)"
  },
  {
    "Rayon": "Fruits et Légumes",
    "Libellé produit": "Radis rondelle",
    "Marque": "ROSEE DES CHAMPS",
    "Code Produit": "228340",
    "Température": "Frais",
    "Conditionnement": "Par sachet de 1 kg. Colis de 8 sachets.",
    "Unité de commande": "sachet",
    "Prix": "5,58 EUR",
    "Prix à l'unité de mesure": "5,58 EUR / kg",
    "Prix à la portion": "44,60 EUR / colis",
    "DLC garantie au client": "4 jour(s)"
  },
  {
    "Rayon": "Fruits et Légumes",
    "Libellé produit": "Champignon émincé",
    "Marque": "ROSEE DES CHAMPS",
    "Code Produit": "228358",
    "Température": "Frais",
    "Conditionnement": "Par barquette de 1 kg. Colis de 8 barquettes.",
    "Unité de commande": "barquette",
    "Prix": "7,14 EUR",
    "Prix à l'unité de mesure": "7,14 EUR / kg",
    "Prix à la portion": "57,08 EUR / colis",
    "DLC garantie au client": "4 jour(s)"
  },
  {
    "Rayon": "Équipement Hygiène",
    "Libellé produit": "Gel hydroalcoolique",
    "Marque": "SANITZER",
    "Code Produit": "229335",
    "Température": "Ambiant",
    "Conditionnement": "Colis de 4 bidons.",
    "Unité de commande": "bidon",
    "Prix": "21,00 EUR",
    "Prix à l'unité de mesure": "",
    "Prix à la portion": "84,00 EUR / colis",
    "DLC garantie au client": "30 jour(s)"
  },
  {
    "Rayon": "Crèmerie Œufs Fromages",
    "Libellé produit": "Lait entier stérilisé uht",
    "Marque": "LAIT D'ICI",
    "Code Produit": "229525",
    "Température": "Frais",
    "Conditionnement": "Brick de 1 litre. Colis de 6 bricks.",
    "Unité de commande": "colis",
    "Prix": "7,70 EUR",
    "Prix à l'unité de mesure": "1,28 EUR / L",
    "Prix à la portion": "1,28 EUR / brick",
    "DLC garantie au client": "7 jour(s)"
  },
  {
    "Rayon": "Fruits et Légumes",
    "Libellé produit": "Tomate cerise grappe. catégorie 1",
    "Marque": "STKFL",
    "Code Produit": "229964",
    "Température": "Frais",
    "Conditionnement": "Par colis de 3 kg.",
    "Unité de commande": "colis",
    "Prix": "18,15 EUR",
    "Prix à l'unité de mesure": "6,05 EUR / kg",
    "Prix à la portion": "",
    "DLC garantie au client": ""
  },
  {
    "Rayon": "Fruits et Légumes",
    "Libellé produit": "Persil frisé. catégorie 1",
    "Marque": "STKFL",
    "Code Produit": "229975",
    "Température": "Frais",
    "Conditionnement": "Par pièce de 30 g.",
    "Unité de commande": "pièce",
    "Prix": "0,58 EUR",
    "Prix à l'unité de mesure": "19,27 EUR / kg",
    "Prix à la portion": "",
    "DLC garantie au client": ""
  },
  {
    "Rayon": "Épicerie",
    "Libellé produit": "Pate à tartiner à la cacahuete",
    "Marque": "ANDROS",
    "Code Produit": "230693",
    "Température": "Ambiant",
    "Conditionnement": "Par pot de 325 g. Colis de 6 pots.",
    "Unité de commande": "pot",
    "Prix": "3,08 EUR",
    "Prix à l'unité de mesure": "9,49 EUR / kg",
    "Prix à la portion": "18,50 EUR / colis",
    "DLC garantie au client": "30 jour(s)"
  },
  {
    "Rayon": "Poissons Coquillages Crustacés",
    "Libellé produit": "Filet de dorade royale élevage. vidée - gratée avec peau",
    "Marque": "",
    "Code Produit": "230781",
    "Température": "Frais",
    "Conditionnement": "Par colis de 2 kg.",
    "Unité de commande": "colis",
    "Prix": "51,00 EUR",
    "Prix à l'unité de mesure": "25,50 EUR / kg",
    "Prix à la portion": "",
    "DLC garantie au client": ""
  },
  {
    "Rayon": "Poissons Coquillages Crustacés",
    "Libellé produit": "Filet de Bar d'élevage. avec peau, écaillé",
    "Marque": "",
    "Code Produit": "230782",
    "Température": "Frais",
    "Conditionnement": "Par colis de 2 kg.",
    "Unité de commande": "colis",
    "Prix": "55,00 EUR",
    "Prix à l'unité de mesure": "27,50 EUR / kg",
    "Prix à la portion": "",
    "DLC garantie au client": ""
  },
  {
    "Rayon": "Pains Viennoiserie Pâtes",
    "Libellé produit": "Petit pain long",
    "Marque": "",
    "Code Produit": "230833",
    "Température": "Surgele",
    "Conditionnement": "Portion de 40 g. Colis de 220 portions.",
    "Unité de commande": "colis",
    "Prix": "45,90 EUR",
    "Prix à l'unité de mesure": "5,22 EUR / kg",
    "Prix à la portion": "0,21 EUR / Portion",
    "DLC garantie au client": "30 jour(s)"
  },
  {
    "Rayon": "Pâtisserie Biscuiterie Confiserie",
    "Libellé produit": "Purée de yuzu non sucrée",
    "Marque": "LES VERGERS BOIRON",
    "Code Produit": "230911",
    "Température": "Surgele",
    "Conditionnement": "Par barquette de 1 kg. Colis de 3 barquettes.",
    "Unité de commande": "barquette",
    "Prix": "36,74 EUR",
    "Prix à l'unité de mesure": "36,74 EUR / kg",
    "Prix à la portion": "110,22 EUR / colis",
    "DLC garantie au client": "30 jour(s)"
  },
  {
    "Rayon": "Fruits et Légumes",
    "Libellé produit": "Mélange coloré",
    "Marque": "ROSEE DES CHAMPS",
    "Code Produit": "230943",
    "Température": "Frais",
    "Conditionnement": "Par sachet de 500 g. Colis de 12 sachets.",
    "Unité de commande": "sachet",
    "Prix": "2,73 EUR",
    "Prix à l'unité de mesure": "5,45 EUR / kg",
    "Prix à la portion": "32,72 EUR / colis",
    "DLC garantie au client": "4 jour(s)"
  },
  {
    "Rayon": "Fruits et Légumes",
    "Libellé produit": "Roquette",
    "Marque": "ROSEE DES CHAMPS",
    "Code Produit": "230944",
    "Température": "Frais",
    "Conditionnement": "Par sachet de 250 g. Colis de 8 sachets.",
    "Unité de commande": "sachet",
    "Prix": "2,32 EUR",
    "Prix à l'unité de mesure": "9,28 EUR / kg",
    "Prix à la portion": "18,56 EUR / colis",
    "DLC garantie au client": "4 jour(s)"
  },
  {
    "Rayon": "Fruits et Légumes",
    "Libellé produit": "Chou chinois émincé",
    "Marque": "ROSEE DES CHAMPS",
    "Code Produit": "231467",
    "Température": "Frais",
    "Conditionnement": "Par sachet de 500 g. Colis de 12 sachets.",
    "Unité de commande": "sachet",
    "Prix": "2,88 EUR",
    "Prix à l'unité de mesure": "5,76 EUR / kg",
    "Prix à la portion": "34,58 EUR / colis",
    "DLC garantie au client": "4 jour(s)"
  },
  {
    "Rayon": "Fruits et Légumes",
    "Libellé produit": "Romaine coupée",
    "Marque": "ROSEE DES CHAMPS",
    "Code Produit": "231499",
    "Température": "Frais",
    "Conditionnement": "Par sachet de 500 g. Colis de 8 sachets.",
    "Unité de commande": "sachet",
    "Prix": "3,61 EUR",
    "Prix à l'unité de mesure": "7,22 EUR / kg",
    "Prix à la portion": "28,86 EUR / colis",
    "DLC garantie au client": "4 jour(s)"
  },
  {
    "Rayon": "Fruits et Légumes",
    "Libellé produit": "Carotte entière",
    "Marque": "ROSEE DES CHAMPS",
    "Code Produit": "231539",
    "Température": "Frais",
    "Conditionnement": "Par sachet de 1 kg. Colis de 8 sachets.",
    "Unité de commande": "sachet",
    "Prix": "2,06 EUR",
    "Prix à l'unité de mesure": "2,06 EUR / kg",
    "Prix à la portion": "16,50 EUR / colis",
    "DLC garantie au client": "4 jour(s)"
  },
  {
    "Rayon": "Fruits et Légumes",
    "Libellé produit": "Coeur de frisée",
    "Marque": "ROSEE DES CHAMPS",
    "Code Produit": "231671",
    "Température": "Frais",
    "Conditionnement": "Par sachet de 500 g. Colis de 8 sachets.",
    "Unité de commande": "sachet",
    "Prix": "3,28 EUR",
    "Prix à l'unité de mesure": "6,57 EUR / kg",
    "Prix à la portion": "26,26 EUR / colis",
    "DLC garantie au client": "4 jour(s)"
  },
  {
    "Rayon": "Pâtisserie Biscuiterie Confiserie",
    "Libellé produit": "Gélatine 140 bloom halal",
    "Marque": "EXCELLENCE",
    "Code Produit": "232024",
    "Température": "Ambiant",
    "Conditionnement": "Par boite de 1 kg. Colis de 10 boites.",
    "Unité de commande": "boite",
    "Prix": "26,17 EUR",
    "Prix à l'unité de mesure": "26,17 EUR / kg",
    "Prix à la portion": "261,67 EUR / colis",
    "DLC garantie au client": "30 jour(s)"
  },
  {
    "Rayon": "Fruits et Légumes",
    "Libellé produit": "Salade douceur",
    "Marque": "ROSEE DES CHAMPS",
    "Code Produit": "232030",
    "Température": "Frais",
    "Conditionnement": "Par sachet de 500 g. Colis de 6 sachets.",
    "Unité de commande": "sachet",
    "Prix": "3,41 EUR",
    "Prix à l'unité de mesure": "6,81 EUR / kg",
    "Prix à la portion": "20,43 EUR / colis",
    "DLC garantie au client": "4 jour(s)"
  },
  {
    "Rayon": "Fruits et Légumes",
    "Libellé produit": "Salade composée mélangée",
    "Marque": "ROSEE DES CHAMPS",
    "Code Produit": "232031",
    "Température": "Frais",
    "Conditionnement": "Par sachet de 500 g. Colis de 8 sachets.",
    "Unité de commande": "sachet",
    "Prix": "1,74 EUR",
    "Prix à l'unité de mesure": "3,49 EUR / kg",
    "Prix à la portion": "13,94 EUR / colis",
    "DLC garantie au client": "4 jour(s)"
  },
  {
    "Rayon": "Pâtisserie Biscuiterie Confiserie",
    "Libellé produit": "Purée gourmande cocktail. caraïbes sucrée avec rhum",
    "Marque": "LES VERGERS BOIRON",
    "Code Produit": "232054",
    "Température": "Surgele",
    "Conditionnement": "Par barquette de 1 kg. Colis de 3 barquettes.",
    "Unité de commande": "barquette",
    "Prix": "8,78 EUR",
    "Prix à l'unité de mesure": "8,78 EUR / kg",
    "Prix à la portion": "26,35 EUR / colis",
    "DLC garantie au client": "30 jour(s)"
  },
  {
    "Rayon": "Fruits et Légumes",
    "Libellé produit": "Myrtille. catégorie 1",
    "Marque": "STKFL",
    "Code Produit": "232065",
    "Température": "Frais",
    "Conditionnement": "Par barquette de 125 g.",
    "Unité de commande": "barquette",
    "Prix": "3,00 EUR",
    "Prix à l'unité de mesure": "23,96 EUR / kg",
    "Prix à la portion": "",
    "DLC garantie au client": "10 jour(s)"
  },
  {
    "Rayon": "Charcuterie Traiteur",
    "Libellé produit": "Jambon cuit choix 1/2 lune. découenné dégraissé. tranche de 40 g",
    "Marque": "JEAN FLOCH",
    "Code Produit": "232418",
    "Température": "Frais",
    "Conditionnement": "Portion de 40 g. Barquette de 25 portions.",
    "Unité de commande": "barquette",
    "Prix": "8,84 EUR",
    "Prix à l'unité de mesure": "8,84 EUR / kg",
    "Prix à la portion": "0,35 EUR / Portion",
    "DLC garantie au client": "7 jour(s)"
  },
  {
    "Rayon": "Poissons Coquillages Crustacés",
    "Libellé produit": "Dos cabillaud avec peau. pauvre en arete",
    "Marque": "",
    "Code Produit": "232506",
    "Température": "Frais",
    "Conditionnement": "Par colis de 3 kg.",
    "Unité de commande": "colis",
    "Prix": "105,00 EUR",
    "Prix à l'unité de mesure": "35,00 EUR / kg",
    "Prix à la portion": "",
    "DLC garantie au client": ""
  },
  {
    "Rayon": "Boissons",
    "Libellé produit": "Super smmothie antioxydant",
    "Marque": "INNOCENT",
    "Code Produit": "232690",
    "Température": "Frais",
    "Conditionnement": "Bouteille de 300 ml. Colis de 8 bouteilles.",
    "Unité de commande": "colis",
    "Prix": "15,88 EUR",
    "Prix à l'unité de mesure": "6,62 EUR / L",
    "Prix à la portion": "1,99 EUR / bouteille",
    "DLC garantie au client": "3 jour(s)"
  },
  {
    "Rayon": "Boissons",
    "Libellé produit": "Super smoothie energy",
    "Marque": "INNOCENT",
    "Code Produit": "232710",
    "Température": "Frais",
    "Conditionnement": "Bouteille de 300 ml. Colis de 8 bouteilles.",
    "Unité de commande": "colis",
    "Prix": "15,88 EUR",
    "Prix à l'unité de mesure": "6,62 EUR / L",
    "Prix à la portion": "1,99 EUR / bouteille",
    "DLC garantie au client": "7 jour(s)"
  },
  {
    "Rayon": "Fruits et Légumes",
    "Libellé produit": "Coeur de laitue",
    "Marque": "ROSEE DES CHAMPS",
    "Code Produit": "232997",
    "Température": "Frais",
    "Conditionnement": "Par sachet de 400 g. Colis de 8 sachets.",
    "Unité de commande": "sachet",
    "Prix": "2,74 EUR",
    "Prix à l'unité de mesure": "6,84 EUR / kg",
    "Prix à la portion": "21,88 EUR / colis",
    "DLC garantie au client": "4 jour(s)"
  },
  {
    "Rayon": "Équipement Hygiène",
    "Libellé produit": "Sac cuisson sous vide. dim. 300 x 400 mm",
    "Marque": "MATFER",
    "Code Produit": "233208",
    "Température": "Ambiant",
    "Conditionnement": "Colis de 100 portions.",
    "Unité de commande": "colis",
    "Prix": "32,49 EUR",
    "Prix à l'unité de mesure": "",
    "Prix à la portion": "0,32 EUR / Portion",
    "DLC garantie au client": ""
  },
  {
    "Rayon": "Épicerie",
    "Libellé produit": "Mélange de fruits tropicaux. préservés",
    "Marque": "MARTIN'S",
    "Code Produit": "234069",
    "Température": "Ambiant",
    "Conditionnement": "Par boite 3/1 de 3 kg. Colis de 6 boites 3/1.",
    "Unité de commande": "boite 3/1",
    "Prix": "7,23 EUR",
    "Prix à l'unité de mesure": "2,41 EUR / kg",
    "Prix à la portion": "43,38 EUR / colis",
    "DLC garantie au client": "30 jour(s)"
  },
  {
    "Rayon": "Viandes Volailles Gibier",
    "Libellé produit": "Rôti de boeuf mariné nature. sans barde",
    "Marque": "",
    "Code Produit": "234840",
    "Température": "Frais",
    "Conditionnement": "Par poche de 2 kg.",
    "Unité de commande": "poche",
    "Prix": "35,80 EUR",
    "Prix à l'unité de mesure": "17,90 EUR / kg",
    "Prix à la portion": "",
    "DLC garantie au client": "7 jour(s)"
  },
  {
    "Rayon": "Fruits et Légumes",
    "Libellé produit": "Courgette  14/21. catégorie 1",
    "Marque": "STKFL",
    "Code Produit": "235662",
    "Température": "Frais",
    "Conditionnement": "Par filet de 1 kg.",
    "Unité de commande": "filet",
    "Prix": "3,07 EUR",
    "Prix à l'unité de mesure": "3,07 EUR / kg",
    "Prix à la portion": "",
    "DLC garantie au client": ""
  },
  {
    "Rayon": "Poissons Coquillages Crustacés",
    "Libellé produit": "Lieu jaune. vdk",
    "Marque": "",
    "Code Produit": "235838",
    "Température": "Frais",
    "Conditionnement": "Par pièce de 3 kg.",
    "Unité de commande": "pièce",
    "Prix": "61,80 EUR",
    "Prix à l'unité de mesure": "20,60 EUR / kg",
    "Prix à la portion": "",
    "DLC garantie au client": ""
  },
  {
    "Rayon": "Fruits et Légumes",
    "Libellé produit": "Poireau. catégorie 1. France",
    "Marque": "STKFL",
    "Code Produit": "235968",
    "Température": "Frais",
    "Conditionnement": "Par pièce de 1 kg.",
    "Unité de commande": "pièce",
    "Prix": "1,91 EUR",
    "Prix à l'unité de mesure": "1,91 EUR / kg",
    "Prix à la portion": "",
    "DLC garantie au client": ""
  },
  {
    "Rayon": "Fruits et Légumes",
    "Libellé produit": "tomate tranchée",
    "Marque": "ROSEE DES CHAMPS",
    "Code Produit": "236259",
    "Température": "Frais",
    "Conditionnement": "Par barquette de 1 kg. Colis de 8 barquettes.",
    "Unité de commande": "barquette",
    "Prix": "4,80 EUR",
    "Prix à l'unité de mesure": "4,80 EUR / kg",
    "Prix à la portion": "38,42 EUR / colis",
    "DLC garantie au client": "4 jour(s)"
  },
  {
    "Rayon": "Fruits et Légumes",
    "Libellé produit": "Concombre rondelle sans peau",
    "Marque": "ROSEE DES CHAMPS",
    "Code Produit": "236284",
    "Température": "Frais",
    "Conditionnement": "Par barquette de 1 kg. Colis de 8 barquettes.",
    "Unité de commande": "barquette",
    "Prix": "4,31 EUR",
    "Prix à l'unité de mesure": "4,31 EUR / kg",
    "Prix à la portion": "34,51 EUR / colis",
    "DLC garantie au client": "4 jour(s)"
  },
  {
    "Rayon": "Fruits et Légumes",
    "Libellé produit": "Feuille de chene rouge",
    "Marque": "ROSEE DES CHAMPS",
    "Code Produit": "236295",
    "Température": "Frais",
    "Conditionnement": "Par sachet de 500 g. Colis de 4 sachets.",
    "Unité de commande": "sachet",
    "Prix": "4,03 EUR",
    "Prix à l'unité de mesure": "8,06 EUR / kg",
    "Prix à la portion": "16,12 EUR / colis",
    "DLC garantie au client": "4 jour(s)"
  },
  {
    "Rayon": "Crèmerie Œufs Fromages",
    "Libellé produit": "Yaourt brassé aux fruits mixés. Fruix",
    "Marque": "DANONE",
    "Code Produit": "237846",
    "Température": "Frais",
    "Conditionnement": "Portion de 125 g. Lot de 8 portions.",
    "Unité de commande": "lot",
    "Prix": "3,17 EUR",
    "Prix à l'unité de mesure": "3,17 EUR / kg",
    "Prix à la portion": "0,40 EUR / Portion",
    "DLC garantie au client": "7 jour(s)"
  },
  {
    "Rayon": "Boissons",
    "Libellé produit": "Smoothie fraise banane",
    "Marque": "INNOCENT",
    "Code Produit": "237954",
    "Température": "Frais",
    "Conditionnement": "Portion de 250 ml. Colis de 8 portions.",
    "Unité de commande": "colis",
    "Prix": "16,87 EUR",
    "Prix à l'unité de mesure": "8,44 EUR / L",
    "Prix à la portion": "2,11 EUR / Portion",
    "DLC garantie au client": "7 jour(s)"
  },
  {
    "Rayon": "Boissons",
    "Libellé produit": "Smoothie mangue passion pomme",
    "Marque": "INNOCENT",
    "Code Produit": "237957",
    "Température": "Frais",
    "Conditionnement": "Portion de 250 ml. Colis de 8 portions.",
    "Unité de commande": "colis",
    "Prix": "16,87 EUR",
    "Prix à l'unité de mesure": "8,44 EUR / L",
    "Prix à la portion": "2,11 EUR / Portion",
    "DLC garantie au client": "7 jour(s)"
  },
  {
    "Rayon": "Épicerie",
    "Libellé produit": "Nutella. pot de 3 kg",
    "Marque": "NUTELLA",
    "Code Produit": "237958",
    "Température": "Ambiant",
    "Conditionnement": "Par pot de 3 kg. Colis de 2 pots.",
    "Unité de commande": "pot",
    "Prix": "29,68 EUR",
    "Prix à l'unité de mesure": "9,89 EUR / kg",
    "Prix à la portion": "59,36 EUR / colis",
    "DLC garantie au client": "30 jour(s)"
  },
  {
    "Rayon": "Accompagnements Assaisonnement",
    "Libellé produit": "Mise en place primerba pesto. vert",
    "Marque": "KNORR",
    "Code Produit": "237976",
    "Température": "Ambiant",
    "Conditionnement": "Par pot de 700 g. Colis de 2 pots.",
    "Unité de commande": "pot",
    "Prix": "23,48 EUR",
    "Prix à l'unité de mesure": "33,54 EUR / kg",
    "Prix à la portion": "46,96 EUR / colis",
    "DLC garantie au client": "30 jour(s)"
  },
  {
    "Rayon": "Fruits et Légumes",
    "Libellé produit": "Navet cube",
    "Marque": "ROSEE DES CHAMPS",
    "Code Produit": "238031",
    "Température": "Frais",
    "Conditionnement": "Par sachet de 1 kg.",
    "Unité de commande": "sachet",
    "Prix": "3,19 EUR",
    "Prix à l'unité de mesure": "3,19 EUR / kg",
    "Prix à la portion": "",
    "DLC garantie au client": "4 jour(s)"
  },
  {
    "Rayon": "Fruits et Légumes",
    "Libellé produit": "Oignon jaune entier épluché",
    "Marque": "ROSEE DES CHAMPS",
    "Code Produit": "238033",
    "Température": "Frais",
    "Conditionnement": "Par sachet de 1 kg.",
    "Unité de commande": "sachet",
    "Prix": "3,58 EUR",
    "Prix à l'unité de mesure": "3,58 EUR / kg",
    "Prix à la portion": "",
    "DLC garantie au client": "4 jour(s)"
  },
  {
    "Rayon": "Fruits et Légumes",
    "Libellé produit": "OIGNON ROUGE EMINCE SHT 1KG",
    "Marque": "ROSEE DES CHAMPS",
    "Code Produit": "238034",
    "Température": "Frais",
    "Conditionnement": "Par sachet de 1 kg. Colis de 8 sachets.",
    "Unité de commande": "sachet",
    "Prix": "4,80 EUR",
    "Prix à l'unité de mesure": "4,80 EUR / kg",
    "Prix à la portion": "38,42 EUR / colis",
    "DLC garantie au client": "4 jour(s)"
  },
  {
    "Rayon": "Fruits et Légumes",
    "Libellé produit": "Poivron jaune émincé",
    "Marque": "ROSEE DES CHAMPS",
    "Code Produit": "238036",
    "Température": "Frais",
    "Conditionnement": "Par barquette de 1 kg.",
    "Unité de commande": "barquette",
    "Prix": "8,67 EUR",
    "Prix à l'unité de mesure": "8,67 EUR / kg",
    "Prix à la portion": "",
    "DLC garantie au client": "3 jour(s)"
  },
  {
    "Rayon": "Fruits et Légumes",
    "Libellé produit": "Poivron vert émincé",
    "Marque": "ROSEE DES CHAMPS",
    "Code Produit": "238037",
    "Température": "Frais",
    "Conditionnement": "Par barquette de 1 kg.",
    "Unité de commande": "barquette",
    "Prix": "6,06 EUR",
    "Prix à l'unité de mesure": "6,06 EUR / kg",
    "Prix à la portion": "",
    "DLC garantie au client": "3 jour(s)"
  },
  {
    "Rayon": "Fruits et Légumes",
    "Libellé produit": "MELANGE COLESLAW",
    "Marque": "ROSEE DES CHAMPS",
    "Code Produit": "238118",
    "Température": "Frais",
    "Conditionnement": "Par sachet de 1 kg.",
    "Unité de commande": "sachet",
    "Prix": "4,27 EUR",
    "Prix à l'unité de mesure": "4,27 EUR / kg",
    "Prix à la portion": "",
    "DLC garantie au client": "4 jour(s)"
  },
  {
    "Rayon": "Fruits et Légumes",
    "Libellé produit": "Concombre cube 1 cm",
    "Marque": "ROSEE DES CHAMPS",
    "Code Produit": "238133",
    "Température": "Frais",
    "Conditionnement": "Par sachet de 1 kg.",
    "Unité de commande": "sachet",
    "Prix": "4,76 EUR",
    "Prix à l'unité de mesure": "4,76 EUR / kg",
    "Prix à la portion": "",
    "DLC garantie au client": "4 jour(s)"
  },
  {
    "Rayon": "Fruits et Légumes",
    "Libellé produit": "Corbeille fruit sublime",
    "Marque": "AFL",
    "Code Produit": "238864",
    "Température": "Frais",
    "Conditionnement": "Par pièce de 6 kg.",
    "Unité de commande": "pièce",
    "Prix": "90,46 EUR",
    "Prix à l'unité de mesure": "15,08 EUR / kg",
    "Prix à la portion": "",
    "DLC garantie au client": ""
  },
  {
    "Rayon": "Crèmerie Œufs Fromages",
    "Libellé produit": "Oeuf frais moyen. catégorie 3",
    "Marque": "SERVIS OEUF",
    "Code Produit": "238898",
    "Température": "Frais",
    "Conditionnement": "Portion de 53 g. Colis de 180 portions.",
    "Unité de commande": "colis",
    "Prix": "47,58 EUR",
    "Prix à l'unité de mesure": "4,99 EUR / kg",
    "Prix à la portion": "0,26 EUR / Portion",
    "DLC garantie au client": "7 jour(s)"
  },
  {
    "Rayon": "Fruits et Légumes",
    "Libellé produit": "Mini patisson jaune. catégorie 1",
    "Marque": "STKFL",
    "Code Produit": "238991",
    "Température": "Frais",
    "Conditionnement": "Par barquette de 200 g.",
    "Unité de commande": "barquette",
    "Prix": "3,99 EUR",
    "Prix à l'unité de mesure": "19,93 EUR / kg",
    "Prix à la portion": "",
    "DLC garantie au client": ""
  },
  {
    "Rayon": "Fruits et Légumes",
    "Libellé produit": "Mini poivron vert. catégorie 1",
    "Marque": "STKFL",
    "Code Produit": "238994",
    "Température": "Frais",
    "Conditionnement": "Par colis de 1 kg.",
    "Unité de commande": "colis",
    "Prix": "13,82 EUR",
    "Prix à l'unité de mesure": "13,82 EUR / kg",
    "Prix à la portion": "",
    "DLC garantie au client": ""
  },
  {
    "Rayon": "Fruits et Légumes",
    "Libellé produit": "Mini poivron rouge. catégorie 1",
    "Marque": "STKFL",
    "Code Produit": "238995",
    "Température": "Frais",
    "Conditionnement": "Par colis de 1 kg.",
    "Unité de commande": "colis",
    "Prix": "13,82 EUR",
    "Prix à l'unité de mesure": "13,82 EUR / kg",
    "Prix à la portion": "",
    "DLC garantie au client": ""
  },
  {
    "Rayon": "Fruits et Légumes",
    "Libellé produit": "Mini poivron jaune. catégorie 1",
    "Marque": "STKFL",
    "Code Produit": "238996",
    "Température": "Frais",
    "Conditionnement": "Par colis de 1 kg.",
    "Unité de commande": "colis",
    "Prix": "13,82 EUR",
    "Prix à l'unité de mesure": "13,82 EUR / kg",
    "Prix à la portion": "",
    "DLC garantie au client": ""
  },
  {
    "Rayon": "Fruits et Légumes",
    "Libellé produit": "Mini aubergine. catégorie 1",
    "Marque": "STKFL",
    "Code Produit": "238997",
    "Température": "Frais",
    "Conditionnement": "Par barquette de 200 g.",
    "Unité de commande": "barquette",
    "Prix": "3,85 EUR",
    "Prix à l'unité de mesure": "19,25 EUR / kg",
    "Prix à la portion": "",
    "DLC garantie au client": ""
  },
  {
    "Rayon": "Fruits et Légumes",
    "Libellé produit": "Mini betterave rouge crue. catégorie 1",
    "Marque": "AFL",
    "Code Produit": "238998",
    "Température": "Frais",
    "Conditionnement": "Par barquette de 400 g.",
    "Unité de commande": "barquette",
    "Prix": "10,96 EUR",
    "Prix à l'unité de mesure": "27,39 EUR / kg",
    "Prix à la portion": "",
    "DLC garantie au client": ""
  },
  {
    "Rayon": "Fruits et Légumes",
    "Libellé produit": "Mini courgette longue. catégorie 1",
    "Marque": "STKFL",
    "Code Produit": "239000",
    "Température": "Frais",
    "Conditionnement": "Par barquette de 200 g.",
    "Unité de commande": "barquette",
    "Prix": "3,85 EUR",
    "Prix à l'unité de mesure": "19,25 EUR / kg",
    "Prix à la portion": "",
    "DLC garantie au client": ""
  },
  {
    "Rayon": "Fruits et Légumes",
    "Libellé produit": "Mini endive. catégorie 1. France",
    "Marque": "AFL",
    "Code Produit": "239001",
    "Température": "Frais",
    "Conditionnement": "Par barquette de 250 g.",
    "Unité de commande": "barquette",
    "Prix": "6,58 EUR",
    "Prix à l'unité de mesure": "26,30 EUR / kg",
    "Prix à la portion": "",
    "DLC garantie au client": ""
  },
  {
    "Rayon": "Fruits et Légumes",
    "Libellé produit": "Mini maïs. catégorie 1",
    "Marque": "STKFL",
    "Code Produit": "239003",
    "Température": "Frais",
    "Conditionnement": "Portion de 12.5 g. Barquette de 8 portions.",
    "Unité de commande": "barquette",
    "Prix": "2,74 EUR",
    "Prix à l'unité de mesure": "27,39 EUR / kg",
    "Prix à la portion": "0,34 EUR / Portion",
    "DLC garantie au client": ""
  },
  {
    "Rayon": "Fruits et Légumes",
    "Libellé produit": "CHAMPIGNON ENOKI. CATEGORIE 1. SACHET DE 100G",
    "Marque": "AFL",
    "Code Produit": "239011",
    "Température": "Frais",
    "Conditionnement": "Par sachet de 100 g.",
    "Unité de commande": "sachet",
    "Prix": "1,38 EUR",
    "Prix à l'unité de mesure": "13,82 EUR / kg",
    "Prix à la portion": "",
    "DLC garantie au client": ""
  },
  {
    "Rayon": "Fruits et Légumes",
    "Libellé produit": "Tomate ancienne assortiment. catégorie 2. France",
    "Marque": "STKFL",
    "Code Produit": "239016",
    "Température": "Frais",
    "Conditionnement": "Par colis de 3.5 kg.",
    "Unité de commande": "colis",
    "Prix": "9,31 EUR",
    "Prix à l'unité de mesure": "2,66 EUR / kg",
    "Prix à la portion": "",
    "DLC garantie au client": ""
  },
  {
    "Rayon": "Fruits et Légumes",
    "Libellé produit": "citron caviar jaune. catégorie 1",
    "Marque": "STKFL",
    "Code Produit": "239023",
    "Température": "Frais",
    "Conditionnement": "Par barquette de 100 g.",
    "Unité de commande": "barquette",
    "Prix": "14,54 EUR",
    "Prix à l'unité de mesure": "145,40 EUR / kg",
    "Prix à la portion": "",
    "DLC garantie au client": ""
  },
  {
    "Rayon": "Pâtisserie Biscuiterie Confiserie",
    "Libellé produit": "pain epice tranché",
    "Marque": "VONDELMOLEN",
    "Code Produit": "239316",
    "Température": "Ambiant",
    "Conditionnement": "Par paquet de 500 g. Colis de 12 paquets.",
    "Unité de commande": "paquet",
    "Prix": "2,15 EUR",
    "Prix à l'unité de mesure": "4,29 EUR / kg",
    "Prix à la portion": "25,76 EUR / colis",
    "DLC garantie au client": "30 jour(s)"
  },
  {
    "Rayon": "Charcuterie Traiteur",
    "Libellé produit": "Blanc de poulet",
    "Marque": "MADRANGE",
    "Code Produit": "240572",
    "Température": "Frais",
    "Conditionnement": "Portion de 40 g. Sachet de 10 portions.",
    "Unité de commande": "sachet",
    "Prix": "5,19 EUR",
    "Prix à l'unité de mesure": "12,97 EUR / kg",
    "Prix à la portion": "0,52 EUR / Portion",
    "DLC garantie au client": "5 jour(s)"
  },
  {
    "Rayon": "Boissons",
    "Libellé produit": "Boisson végétale Soja Alpro",
    "Marque": "ALPRO",
    "Code Produit": "241961",
    "Température": "Frais",
    "Conditionnement": "Brick de 1 litre. Colis de 8 bricks.",
    "Unité de commande": "colis",
    "Prix": "18,58 EUR",
    "Prix à l'unité de mesure": "2,32 EUR / L",
    "Prix à la portion": "2,32 EUR / brick",
    "DLC garantie au client": "7 jour(s)"
  },
  {
    "Rayon": "Crèmerie Œufs Fromages",
    "Libellé produit": "Tomme noire des Pyrénées igp. 28% m.g.",
    "Marque": "LA VIE DE CHATEAU",
    "Code Produit": "241995",
    "Température": "Frais",
    "Conditionnement": "Portion de 30 g. Barquette de 24 portions.",
    "Unité de commande": "barquette",
    "Prix": "10,53 EUR",
    "Prix à l'unité de mesure": "14,63 EUR / kg",
    "Prix à la portion": "0,44 EUR / Portion",
    "DLC garantie au client": "7 jour(s)"
  },
  {
    "Rayon": "Crèmerie Œufs Fromages",
    "Libellé produit": "Camembert nu",
    "Marque": "",
    "Code Produit": "242013",
    "Température": "Frais",
    "Conditionnement": "Par pièce de 240 g. Colis de 30 pièces.",
    "Unité de commande": "pièce",
    "Prix": "2,10 EUR",
    "Prix à l'unité de mesure": "8,75 EUR / kg",
    "Prix à la portion": "63,03 EUR / colis",
    "DLC garantie au client": "7 jour(s)"
  },
  {
    "Rayon": "Crèmerie Œufs Fromages",
    "Libellé produit": "Yaourt vanille au lait entier. pot en verre de 125 g",
    "Marque": "SAVOIE YAOURT",
    "Code Produit": "242372",
    "Température": "Frais",
    "Conditionnement": "Portion de 125 g. Colis de 12 portions.",
    "Unité de commande": "colis",
    "Prix": "8,77 EUR",
    "Prix à l'unité de mesure": "5,85 EUR / kg",
    "Prix à la portion": "0,73 EUR / Portion",
    "DLC garantie au client": "7 jour(s)"
  },
  {
    "Rayon": "Fruits et Légumes",
    "Libellé produit": "Courgette 14/21 *bio. catégorie 2. France",
    "Marque": "STKFL",
    "Code Produit": "242457",
    "Température": "Frais",
    "Conditionnement": "Par colis de 6 kg.",
    "Unité de commande": "colis",
    "Prix": "23,93 EUR",
    "Prix à l'unité de mesure": "3,99 EUR / kg",
    "Prix à la portion": "",
    "DLC garantie au client": "3 jour(s)"
  },
  {
    "Rayon": "Fruits et Légumes",
    "Libellé produit": "Combava. catégorie 1",
    "Marque": "AFL",
    "Code Produit": "242563",
    "Température": "Frais",
    "Conditionnement": "Par colis de 2 kg.",
    "Unité de commande": "colis",
    "Prix": "49,35 EUR",
    "Prix à l'unité de mesure": "24,67 EUR / kg",
    "Prix à la portion": "",
    "DLC garantie au client": "3 jour(s)"
  },
  {
    "Rayon": "Crèmerie Œufs Fromages",
    "Libellé produit": "Oeuf frais vrac moyen. plein air",
    "Marque": "SERVIS OEUF",
    "Code Produit": "242684",
    "Température": "Frais",
    "Conditionnement": "Portion de 53 g. Colis de 180 portions.",
    "Unité de commande": "colis",
    "Prix": "46,77 EUR",
    "Prix à l'unité de mesure": "4,90 EUR / kg",
    "Prix à la portion": "0,26 EUR / Portion",
    "DLC garantie au client": "7 jour(s)"
  },
  {
    "Rayon": "Crèmerie Œufs Fromages",
    "Libellé produit": "Oeuf plein air moyen",
    "Marque": "SERVIS OEUF",
    "Code Produit": "242686",
    "Température": "Frais",
    "Conditionnement": "Portion de 53 g. Colis de 90 portions.",
    "Unité de commande": "colis",
    "Prix": "24,01 EUR",
    "Prix à l'unité de mesure": "5,03 EUR / kg",
    "Prix à la portion": "0,27 EUR / Portion",
    "DLC garantie au client": "7 jour(s)"
  },
  {
    "Rayon": "Crèmerie Œufs Fromages",
    "Libellé produit": "Fromage blanc 7.8% m.g.",
    "Marque": "ALSACE LAIT",
    "Code Produit": "242742",
    "Température": "Frais",
    "Conditionnement": "Plaque de 400 g. Colis de 6 plaques. Plaque de 4 portions.",
    "Unité de commande": "colis",
    "Prix": "9,00 EUR",
    "Prix à l'unité de mesure": "3,75 EUR / kg",
    "Prix à la portion": "1,50 EUR / plaque",
    "DLC garantie au client": "7 jour(s)"
  },
  {
    "Rayon": "Charcuterie Traiteur",
    "Libellé produit": "Bloc de foie gras de canard. sans morceaux",
    "Marque": "PIERRE FOSSAT",
    "Code Produit": "242827",
    "Température": "Frais",
    "Conditionnement": "Par pièce de 400 g. Colis de 12 pièces.",
    "Unité de commande": "pièce",
    "Prix": "18,50 EUR",
    "Prix à l'unité de mesure": "46,25 EUR / kg",
    "Prix à la portion": "222,00 EUR / colis",
    "DLC garantie au client": "7 jour(s)"
  },
  {
    "Rayon": "Viandes Volailles Gibier",
    "Libellé produit": "Cuise de canard confite x4. sous vide",
    "Marque": "PIERRE FOSSAT",
    "Code Produit": "242835",
    "Température": "Frais",
    "Conditionnement": "Portion de 250 g. Poche de 4 portions.",
    "Unité de commande": "poche",
    "Prix": "19,00 EUR",
    "Prix à l'unité de mesure": "19,00 EUR / kg",
    "Prix à la portion": "4,75 EUR / Portion",
    "DLC garantie au client": "7 jour(s)"
  },
  {
    "Rayon": "Charcuterie Traiteur",
    "Libellé produit": "Jambon serrano 32 tranches. avec intercalaires",
    "Marque": "SANCHEZ ALCARAZ",
    "Code Produit": "242846",
    "Température": "Frais",
    "Conditionnement": "Par barquette de 500 g. Colis de 10 barquettes.",
    "Unité de commande": "barquette",
    "Prix": "9,03 EUR",
    "Prix à l'unité de mesure": "18,06 EUR / kg",
    "Prix à la portion": "90,30 EUR / colis",
    "DLC garantie au client": "7 jour(s)"
  },
  {
    "Rayon": "Charcuterie Traiteur",
    "Libellé produit": "Saumon fumé atlantique. prétranché/décongelé",
    "Marque": "MOWI PROFESSIONAL",
    "Code Produit": "242848",
    "Température": "Frais",
    "Conditionnement": "Par plaque de 750 g. Colis de 10 plaques.",
    "Unité de commande": "plaque",
    "Prix": "18,94 EUR",
    "Prix à l'unité de mesure": "25,25 EUR / kg",
    "Prix à la portion": "189,40 EUR / colis",
    "DLC garantie au client": "7 jour(s)"
  },
  {
    "Rayon": "Charcuterie Traiteur",
    "Libellé produit": "Jambon sec italien. 6 mois minimum",
    "Marque": "CASA MODENA",
    "Code Produit": "243117",
    "Température": "Frais",
    "Conditionnement": "Pièce de 5.5 kg. Colis de 2 pièces.",
    "Unité de commande": "colis",
    "Prix": "129,16 EUR",
    "Prix à l'unité de mesure": "11,74 EUR / kg",
    "Prix à la portion": "64,58 EUR / pièce",
    "DLC garantie au client": "7 jour(s)"
  },
  {
    "Rayon": "Charcuterie Traiteur",
    "Libellé produit": "Blanquette de veau",
    "Marque": "",
    "Code Produit": "243131",
    "Température": "Frais",
    "Conditionnement": "Barquette de 1.8 kg. Colis de 2 barquettes.",
    "Unité de commande": "colis",
    "Prix": "46,38 EUR",
    "Prix à l'unité de mesure": "12,88 EUR / kg",
    "Prix à la portion": "23,19 EUR / barquette",
    "DLC garantie au client": "7 jour(s)"
  },
  {
    "Rayon": "Épicerie",
    "Libellé produit": "Caviar d'aubergine",
    "Marque": "SUD & SOL",
    "Code Produit": "243250",
    "Température": "Frais",
    "Conditionnement": "Par pot de 500 g. Colis de 6 pots.",
    "Unité de commande": "pot",
    "Prix": "6,72 EUR",
    "Prix à l'unité de mesure": "13,43 EUR / kg",
    "Prix à la portion": "40,30 EUR / colis",
    "DLC garantie au client": "7 jour(s)"
  },
  {
    "Rayon": "Charcuterie Traiteur",
    "Libellé produit": "Lomo ibérique demi bellota. sous vide",
    "Marque": "NAVALPEDROCHE",
    "Code Produit": "243334",
    "Température": "Frais",
    "Conditionnement": "Par pièce de 700 g. Colis de 12 pièces.",
    "Unité de commande": "pièce",
    "Prix": "33,27 EUR",
    "Prix à l'unité de mesure": "47,52 EUR / kg",
    "Prix à la portion": "399,20 EUR / colis",
    "DLC garantie au client": "7 jour(s)"
  },
  {
    "Rayon": "Charcuterie Traiteur",
    "Libellé produit": "Jambon ibérique BELLOTA. sans os",
    "Marque": "NAVALPEDROCHE",
    "Code Produit": "243338",
    "Température": "Frais",
    "Conditionnement": "Par pièce de 3 kg. Colis de 4 pièces.",
    "Unité de commande": "pièce",
    "Prix": "322,03 EUR",
    "Prix à l'unité de mesure": "107,34 EUR / kg",
    "Prix à la portion": "1288,10 EUR / colis",
    "DLC garantie au client": "7 jour(s)"
  },
  {
    "Rayon": "Charcuterie Traiteur",
    "Libellé produit": "Jambon prince de paris truffé",
    "Marque": "",
    "Code Produit": "243464",
    "Température": "Frais",
    "Conditionnement": "Par pièce de 7 kg.",
    "Unité de commande": "pièce",
    "Prix": "444,07 EUR",
    "Prix à l'unité de mesure": "63,44 EUR / kg",
    "Prix à la portion": "",
    "DLC garantie au client": "5 jour(s)"
  },
  {
    "Rayon": "Charcuterie Traiteur",
    "Libellé produit": "Lardon cru fumé",
    "Marque": "JEAN FLOC'H",
    "Code Produit": "243635",
    "Température": "Frais",
    "Conditionnement": "Par barquette de 1 kg. Colis de 6 barquettes.",
    "Unité de commande": "barquette",
    "Prix": "7,02 EUR",
    "Prix à l'unité de mesure": "7,02 EUR / kg",
    "Prix à la portion": "42,14 EUR / colis",
    "DLC garantie au client": "7 jour(s)"
  },
  {
    "Rayon": "Charcuterie Traiteur",
    "Libellé produit": "Viande des grisons. 30 tranches",
    "Marque": "BELL",
    "Code Produit": "243681",
    "Température": "Frais",
    "Conditionnement": "Portion de 8.333 g. Barquette de 30 portions.",
    "Unité de commande": "barquette",
    "Prix": "12,63 EUR",
    "Prix à l'unité de mesure": "50,54 EUR / kg",
    "Prix à la portion": "0,42 EUR / Portion",
    "DLC garantie au client": "7 jour(s)"
  },
  {
    "Rayon": "Charcuterie Traiteur",
    "Libellé produit": "Jambon sec pays. 5 mois",
    "Marque": "",
    "Code Produit": "244093",
    "Température": "Frais",
    "Conditionnement": "Par pièce de 5.7 kg. Colis de 2 pièces.",
    "Unité de commande": "pièce",
    "Prix": "68,08 EUR",
    "Prix à l'unité de mesure": "11,94 EUR / kg",
    "Prix à la portion": "136,16 EUR / colis",
    "DLC garantie au client": "7 jour(s)"
  },
  {
    "Rayon": "Charcuterie Traiteur",
    "Libellé produit": "Saucisse petit déjeuner. précuite. pièce de 25 g",
    "Marque": "CHARLES KELLER",
    "Code Produit": "244190",
    "Température": "Frais",
    "Conditionnement": "Portion de 25 g. Paquet de 40 portions.",
    "Unité de commande": "paquet",
    "Prix": "9,51 EUR",
    "Prix à l'unité de mesure": "9,51 EUR / kg",
    "Prix à la portion": "0,24 EUR / Portion",
    "DLC garantie au client": "7 jour(s)"
  },
  {
    "Rayon": "Pâtisserie Biscuiterie Confiserie",
    "Libellé produit": "Pâte d'amande blanche 23%",
    "Marque": "DAWN",
    "Code Produit": "244544",
    "Température": "Ambiant",
    "Conditionnement": "Par pot de 1 kg. Colis de 6 pots.",
    "Unité de commande": "pot",
    "Prix": "10,14 EUR",
    "Prix à l'unité de mesure": "10,14 EUR / kg",
    "Prix à la portion": "60,86 EUR / colis",
    "DLC garantie au client": "30 jour(s)"
  },
  {
    "Rayon": "Poissons Coquillages Crustacés",
    "Libellé produit": "Crevette décortiquée crue. élevée calibre 26/30",
    "Marque": "ELITE",
    "Code Produit": "244629",
    "Température": "Surgele",
    "Conditionnement": "Par sachet de 800 g. Colis de 10 sachets.",
    "Unité de commande": "sachet",
    "Prix": "10,20 EUR",
    "Prix à l'unité de mesure": "12,75 EUR / kg",
    "Prix à la portion": "101,98 EUR / colis",
    "DLC garantie au client": "30 jour(s)"
  },
  {
    "Rayon": "Pâtisserie Biscuiterie Confiserie",
    "Libellé produit": "Chocolat blanc zephyr 34%",
    "Marque": "CACAO BARRY",
    "Code Produit": "244743",
    "Température": "Ambiant",
    "Conditionnement": "Par sachet de 1 kg. Colis de 6 sachets.",
    "Unité de commande": "sachet",
    "Prix": "22,17 EUR",
    "Prix à l'unité de mesure": "22,17 EUR / kg",
    "Prix à la portion": "133,03 EUR / colis",
    "DLC garantie au client": "30 jour(s)"
  },
  {
    "Rayon": "Poissons Coquillages Crustacés",
    "Libellé produit": "Crevette decortiquée crue. élevée",
    "Marque": "",
    "Code Produit": "244770",
    "Température": "Surgele",
    "Conditionnement": "Par sachet de 800 g. Colis de 10 sachets.",
    "Unité de commande": "sachet",
    "Prix": "10,10 EUR",
    "Prix à l'unité de mesure": "12,62 EUR / kg",
    "Prix à la portion": "100,96 EUR / colis",
    "DLC garantie au client": "30 jour(s)"
  },
  {
    "Rayon": "Viandes Volailles Gibier",
    "Libellé produit": "Filet de poulet cru iqf",
    "Marque": "",
    "Code Produit": "244877",
    "Température": "Surgele",
    "Conditionnement": "Portion de 142.857 g. Colis de 35 portions.",
    "Unité de commande": "colis",
    "Prix": "39,20 EUR",
    "Prix à l'unité de mesure": "7,84 EUR / kg",
    "Prix à la portion": "1,12 EUR / Portion",
    "DLC garantie au client": "30 jour(s)"
  },
  {
    "Rayon": "Poissons Coquillages Crustacés",
    "Libellé produit": "Filet de sole tropicale. calibre 80/120 g",
    "Marque": "",
    "Code Produit": "244904",
    "Température": "Surgele",
    "Conditionnement": "Portion de 100 g. Sachet de 20 portions.",
    "Unité de commande": "sachet",
    "Prix": "18,14 EUR",
    "Prix à l'unité de mesure": "9,07 EUR / kg",
    "Prix à la portion": "0,91 EUR / Portion",
    "DLC garantie au client": "30 jour(s)"
  },
  {
    "Rayon": "Poissons Coquillages Crustacés",
    "Libellé produit": "Crevette décortiquée crue. élevée calibre 16/20",
    "Marque": "ELITE",
    "Code Produit": "245252",
    "Température": "Surgele",
    "Conditionnement": "Par sachet de 800 g. Colis de 10 sachets.",
    "Unité de commande": "sachet",
    "Prix": "11,00 EUR",
    "Prix à l'unité de mesure": "13,74 EUR / kg",
    "Prix à la portion": "109,95 EUR / colis",
    "DLC garantie au client": "30 jour(s)"
  },
  {
    "Rayon": "Épicerie",
    "Libellé produit": "Guacamole épice",
    "Marque": "",
    "Code Produit": "245263",
    "Température": "Surgele",
    "Conditionnement": "Par pot de 950 g. Colis de 12 pots.",
    "Unité de commande": "pot",
    "Prix": "8,22 EUR",
    "Prix à l'unité de mesure": "8,65 EUR / kg",
    "Prix à la portion": "98,64 EUR / colis",
    "DLC garantie au client": "30 jour(s)"
  },
  {
    "Rayon": "Charcuterie Traiteur",
    "Libellé produit": "Mini tartelette salée ronde. diamètre 4.2cm",
    "Marque": "HUG",
    "Code Produit": "245867",
    "Température": "Ambiant",
    "Conditionnement": "Portion de 6.1 g. Colis de 160 portions.",
    "Unité de commande": "colis",
    "Prix": "37,50 EUR",
    "Prix à l'unité de mesure": "38,42 EUR / kg",
    "Prix à la portion": "0,23 EUR / Portion",
    "DLC garantie au client": "30 jour(s)"
  },
  {
    "Rayon": "Pâtisserie Biscuiterie Confiserie",
    "Libellé produit": "Pâte noisettes du piémont",
    "Marque": "AGRIMONTANA",
    "Code Produit": "246056",
    "Température": "Ambiant",
    "Conditionnement": "Par pièce de 1 kg. Colis de 3 pièces.",
    "Unité de commande": "pièce",
    "Prix": "49,16 EUR",
    "Prix à l'unité de mesure": "49,16 EUR / kg",
    "Prix à la portion": "147,47 EUR / colis",
    "DLC garantie au client": "30 jour(s)"
  },
  {
    "Rayon": "Crèmerie Œufs Fromages",
    "Libellé produit": "Blanc d'oeuf seché gallia",
    "Marque": "LOUIS FRANCOIS",
    "Code Produit": "246515",
    "Température": "Ambiant",
    "Conditionnement": "Par sac de 1 kg. Colis de 9 sacs.",
    "Unité de commande": "sac",
    "Prix": "45,10 EUR",
    "Prix à l'unité de mesure": "45,10 EUR / kg",
    "Prix à la portion": "405,90 EUR / colis",
    "DLC garantie au client": "30 jour(s)"
  },
  {
    "Rayon": "Pâtisserie Biscuiterie Confiserie",
    "Libellé produit": "Pectine x58",
    "Marque": "LOUIS FRANCOIS",
    "Code Produit": "246524",
    "Température": "Ambiant",
    "Conditionnement": "Par boite de 1 kg. Colis de 12 boites.",
    "Unité de commande": "boite",
    "Prix": "60,23 EUR",
    "Prix à l'unité de mesure": "60,23 EUR / kg",
    "Prix à la portion": "722,78 EUR / colis",
    "DLC garantie au client": "30 jour(s)"
  },
  {
    "Rayon": "Pâtisserie Biscuiterie Confiserie",
    "Libellé produit": "Pate aromatique à la pistache. 30%",
    "Marque": "CRESCO",
    "Code Produit": "247004",
    "Température": "Ambiant",
    "Conditionnement": "Par seau de 1 kg. Colis de 4 seaux.",
    "Unité de commande": "seau",
    "Prix": "29,49 EUR",
    "Prix à l'unité de mesure": "29,49 EUR / kg",
    "Prix à la portion": "117,97 EUR / colis",
    "DLC garantie au client": "30 jour(s)"
  },
  {
    "Rayon": "Charcuterie Traiteur",
    "Libellé produit": "Jambon de Bayonne IGP",
    "Marque": "AOSTE PRO",
    "Code Produit": "247119",
    "Température": "Frais",
    "Conditionnement": "Portion de 16 g. Pièce de 20 portions.",
    "Unité de commande": "pièce",
    "Prix": "9,00 EUR",
    "Prix à l'unité de mesure": "28,12 EUR / kg",
    "Prix à la portion": "0,45 EUR / Portion",
    "DLC garantie au client": "7 jour(s)"
  },
  {
    "Rayon": "Crèmerie Œufs Fromages",
    "Libellé produit": "Crème sublime au mascarpone. uht",
    "Marque": "ELLE & VIRE",
    "Code Produit": "247228",
    "Température": "Frais",
    "Conditionnement": "Brick de 1 litre. Colis de 6 bricks.",
    "Unité de commande": "colis",
    "Prix": "50,70 EUR",
    "Prix à l'unité de mesure": "8,45 EUR / L",
    "Prix à la portion": "8,45 EUR / brick",
    "DLC garantie au client": "7 jour(s)"
  },
  {
    "Rayon": "Pâtisserie Biscuiterie Confiserie",
    "Libellé produit": "Chocolat de couverture noir. origine Saint Domingue 70 %",
    "Marque": "CACAO BARRY",
    "Code Produit": "247289",
    "Température": "Ambiant",
    "Conditionnement": "Par sachet de 1 kg. Colis de 6 sachets.",
    "Unité de commande": "sachet",
    "Prix": "21,87 EUR",
    "Prix à l'unité de mesure": "21,87 EUR / kg",
    "Prix à la portion": "131,24 EUR / colis",
    "DLC garantie au client": "30 jour(s)"
  },
  {
    "Rayon": "Pâtisserie Biscuiterie Confiserie",
    "Libellé produit": "Chocolat blanc satin pistole. 29.2%",
    "Marque": "CACAO BARRY",
    "Code Produit": "247360",
    "Température": "Ambiant",
    "Conditionnement": "Par sac de 5 kg. Colis de 4 sacs.",
    "Unité de commande": "sac",
    "Prix": "96,75 EUR",
    "Prix à l'unité de mesure": "19,35 EUR / kg",
    "Prix à la portion": "386,98 EUR / colis",
    "DLC garantie au client": "30 jour(s)"
  },
  {
    "Rayon": "Pâtisserie Biscuiterie Confiserie",
    "Libellé produit": "Chocolat de couverture lacté. alunga. 0.41",
    "Marque": "CACAO BARRY",
    "Code Produit": "247409",
    "Température": "Ambiant",
    "Conditionnement": "Par sac de 5 kg. Colis de 4 sacs.",
    "Unité de commande": "sac",
    "Prix": "101,85 EUR",
    "Prix à l'unité de mesure": "20,37 EUR / kg",
    "Prix à la portion": "407,38 EUR / colis",
    "DLC garantie au client": "30 jour(s)"
  },
  {
    "Rayon": "Pâtisserie Biscuiterie Confiserie",
    "Libellé produit": "Chocolat de couverture lacté. Alunga 41%",
    "Marque": "CACAO BARRY",
    "Code Produit": "247410",
    "Température": "Ambiant",
    "Conditionnement": "Par sachet de 1 kg. Colis de 6 sachets.",
    "Unité de commande": "sachet",
    "Prix": "25,59 EUR",
    "Prix à l'unité de mesure": "25,59 EUR / kg",
    "Prix à la portion": "153,53 EUR / colis",
    "DLC garantie au client": "30 jour(s)"
  },
  {
    "Rayon": "Pâtisserie Biscuiterie Confiserie",
    "Libellé produit": "Chocolat de couverture au lait. origine Papouasie 35.8%",
    "Marque": "CACAO BARRY",
    "Code Produit": "247435",
    "Température": "Ambiant",
    "Conditionnement": "Par sac de 2.5 kg. Colis de 4 sacs.",
    "Unité de commande": "sac",
    "Prix": "52,52 EUR",
    "Prix à l'unité de mesure": "21,01 EUR / kg",
    "Prix à la portion": "210,08 EUR / colis",
    "DLC garantie au client": "30 jour(s)"
  },
  {
    "Rayon": "Pâtisserie Biscuiterie Confiserie",
    "Libellé produit": "Chocolat de couverture noir. inaya 65 %",
    "Marque": "CACAO BARRY",
    "Code Produit": "247439",
    "Température": "Ambiant",
    "Conditionnement": "Par sac de 5 kg. Colis de 4 sacs.",
    "Unité de commande": "sac",
    "Prix": "116,37 EUR",
    "Prix à l'unité de mesure": "23,27 EUR / kg",
    "Prix à la portion": "465,48 EUR / colis",
    "DLC garantie au client": "30 jour(s)"
  },
  {
    "Rayon": "Pâtisserie Biscuiterie Confiserie",
    "Libellé produit": "Chocolat de couverture noir. Mexique 66%",
    "Marque": "CACAO BARRY",
    "Code Produit": "247474",
    "Température": "Ambiant",
    "Conditionnement": "Par sac de 2.5 kg. Colis de 4 sacs.",
    "Unité de commande": "sac",
    "Prix": "53,69 EUR",
    "Prix à l'unité de mesure": "21,48 EUR / kg",
    "Prix à la portion": "214,77 EUR / colis",
    "DLC garantie au client": "30 jour(s)"
  },
  {
    "Rayon": "Pâtisserie Biscuiterie Confiserie",
    "Libellé produit": "Praline rouge amande. concassée 20%",
    "Marque": "LA DRAGEE DE VALENCE",
    "Code Produit": "247498",
    "Température": "Ambiant",
    "Conditionnement": "Par sac de 5 kg. Colis de 4 sacs.",
    "Unité de commande": "sac",
    "Prix": "28,87 EUR",
    "Prix à l'unité de mesure": "5,77 EUR / kg",
    "Prix à la portion": "115,48 EUR / colis",
    "DLC garantie au client": "30 jour(s)"
  },
  {
    "Rayon": "Épicerie",
    "Libellé produit": "Confiture de myrtilles. sauvages",
    "Marque": "BONNE MAMAN",
    "Code Produit": "247684",
    "Température": "Ambiant",
    "Conditionnement": "Par bocal de 370 g. Colis de 6 bocaux.",
    "Unité de commande": "bocal",
    "Prix": "3,90 EUR",
    "Prix à l'unité de mesure": "10,55 EUR / kg",
    "Prix à la portion": "23,42 EUR / colis",
    "DLC garantie au client": "30 jour(s)"
  },
  {
    "Rayon": "Desserts Glaces",
    "Libellé produit": "Crepe nature",
    "Marque": "DESSAINT TRAITEUR",
    "Code Produit": "247877",
    "Température": "Surgele",
    "Conditionnement": "Portion de 50 g. Colis de 80 portions.",
    "Unité de commande": "colis",
    "Prix": "22,50 EUR",
    "Prix à l'unité de mesure": "5,63 EUR / kg",
    "Prix à la portion": "0,28 EUR / Portion",
    "DLC garantie au client": "30 jour(s)"
  },
  {
    "Rayon": "Pâtisserie Biscuiterie Confiserie",
    "Libellé produit": "Couverture lactée 35.3%. pistole",
    "Marque": "CACAO BARRY",
    "Code Produit": "248048",
    "Température": "Ambiant",
    "Conditionnement": "Par sac de 5 kg. Colis de 4 sacs.",
    "Unité de commande": "sac",
    "Prix": "98,87 EUR",
    "Prix à l'unité de mesure": "19,77 EUR / kg",
    "Prix à la portion": "395,48 EUR / colis",
    "DLC garantie au client": "30 jour(s)"
  },
  {
    "Rayon": "Poissons Coquillages Crustacés",
    "Libellé produit": "Steak espadon",
    "Marque": "SEABLUE",
    "Code Produit": "248100",
    "Température": "Surgele",
    "Conditionnement": "Portion de 150 g. Colis de 20 portions.",
    "Unité de commande": "colis",
    "Prix": "49,45 EUR",
    "Prix à l'unité de mesure": "16,48 EUR / kg",
    "Prix à la portion": "2,47 EUR / Portion",
    "DLC garantie au client": "30 jour(s)"
  },
  {
    "Rayon": "Pâtisserie Biscuiterie Confiserie",
    "Libellé produit": "Purée de citron jaune. non sucrée",
    "Marque": "LES VERGERS BOIRON",
    "Code Produit": "248163",
    "Température": "Surgele",
    "Conditionnement": "Par barquette de 1 kg. Colis de 6 barquettes.",
    "Unité de commande": "barquette",
    "Prix": "5,30 EUR",
    "Prix à l'unité de mesure": "5,30 EUR / kg",
    "Prix à la portion": "31,80 EUR / colis",
    "DLC garantie au client": "30 jour(s)"
  },
  {
    "Rayon": "Pâtisserie Biscuiterie Confiserie",
    "Libellé produit": "Purée de citron jaune. non sucrée",
    "Marque": "LES VERGERS BOIRON",
    "Code Produit": "248210",
    "Température": "Surgele",
    "Conditionnement": "Par seau de 10 kg.",
    "Unité de commande": "seau",
    "Prix": "46,60 EUR",
    "Prix à l'unité de mesure": "4,66 EUR / kg",
    "Prix à la portion": "",
    "DLC garantie au client": "30 jour(s)"
  },
  {
    "Rayon": "Pâtisserie Biscuiterie Confiserie",
    "Libellé produit": "Gélatine de poisson poudre. 200 bloom",
    "Marque": "LOUIS FRANCOIS",
    "Code Produit": "248403",
    "Température": "Ambiant",
    "Conditionnement": "Par boite de 1 kg. Colis de 12 boites.",
    "Unité de commande": "boite",
    "Prix": "58,50 EUR",
    "Prix à l'unité de mesure": "58,50 EUR / kg",
    "Prix à la portion": "701,99 EUR / colis",
    "DLC garantie au client": "30 jour(s)"
  },
  {
    "Rayon": "Épicerie",
    "Libellé produit": "Cacahuètes émondées 25/29. crues",
    "Marque": "OLYMPFRUITS",
    "Code Produit": "248487",
    "Température": "Ambiant",
    "Conditionnement": "Par sachet de 1 kg. Colis de 10 sachets.",
    "Unité de commande": "sachet",
    "Prix": "4,39 EUR",
    "Prix à l'unité de mesure": "4,39 EUR / kg",
    "Prix à la portion": "43,85 EUR / colis",
    "DLC garantie au client": "30 jour(s)"
  },
  {
    "Rayon": "Pâtisserie Biscuiterie Confiserie",
    "Libellé produit": "Pâte de pistache kerman d'iran",
    "Marque": "CRESCO",
    "Code Produit": "248494",
    "Température": "Ambiant",
    "Conditionnement": "Par seau de 1 kg. Colis de 4 seaux.",
    "Unité de commande": "seau",
    "Prix": "61,69 EUR",
    "Prix à l'unité de mesure": "61,69 EUR / kg",
    "Prix à la portion": "246,75 EUR / colis",
    "DLC garantie au client": "30 jour(s)"
  },
  {
    "Rayon": "Épicerie",
    "Libellé produit": "Noix de coco rapée",
    "Marque": "OLYMPFRUITS",
    "Code Produit": "248611",
    "Température": "Ambiant",
    "Conditionnement": "Par sachet de 1 kg. Colis de 8 sachets.",
    "Unité de commande": "sachet",
    "Prix": "7,12 EUR",
    "Prix à l'unité de mesure": "7,12 EUR / kg",
    "Prix à la portion": "56,99 EUR / colis",
    "DLC garantie au client": "30 jour(s)"
  },
  {
    "Rayon": "Pains Viennoiserie Pâtes",
    "Libellé produit": "Graines de courge décortiquées",
    "Marque": "OLYMPFRUITS",
    "Code Produit": "248622",
    "Température": "Ambiant",
    "Conditionnement": "Par sachet de 1 kg. Colis de 10 sachets.",
    "Unité de commande": "sachet",
    "Prix": "9,65 EUR",
    "Prix à l'unité de mesure": "9,65 EUR / kg",
    "Prix à la portion": "96,53 EUR / colis",
    "DLC garantie au client": "30 jour(s)"
  },
  {
    "Rayon": "Pains Viennoiserie Pâtes",
    "Libellé produit": "Pain losange nature",
    "Marque": "",
    "Code Produit": "248700",
    "Température": "Surgele",
    "Conditionnement": "Portion de 57 g. Colis de 120 portions.",
    "Unité de commande": "colis",
    "Prix": "14,08 EUR",
    "Prix à l'unité de mesure": "2,06 EUR / kg",
    "Prix à la portion": "0,12 EUR / Portion",
    "DLC garantie au client": "30 jour(s)"
  },
  {
    "Rayon": "Crèmerie Œufs Fromages",
    "Libellé produit": "Crème liquide campina 35% m.g.",
    "Marque": "CAMPINA",
    "Code Produit": "248827",
    "Température": "Frais",
    "Conditionnement": "Par brick de 1 litre. Colis de 12 bricks.",
    "Unité de commande": "brick",
    "Prix": "5,02 EUR",
    "Prix à l'unité de mesure": "5,02 EUR / L",
    "Prix à la portion": "60,22 EUR / colis",
    "DLC garantie au client": "7 jour(s)"
  },
  {
    "Rayon": "Crèmerie Œufs Fromages",
    "Libellé produit": "Beurre demi sel",
    "Marque": "LEDANEC",
    "Code Produit": "249331",
    "Température": "Frais",
    "Conditionnement": "Pièce de 250 g. Colis de 4 pièces.",
    "Unité de commande": "colis",
    "Prix": "9,76 EUR",
    "Prix à l'unité de mesure": "9,76 EUR / kg",
    "Prix à la portion": "2,44 EUR / pièce",
    "DLC garantie au client": "7 jour(s)"
  },
  {
    "Rayon": "Crèmerie Œufs Fromages",
    "Libellé produit": "Beurre aop doux la conviette. pièce de 15g",
    "Marque": "LA VIETTE",
    "Code Produit": "249370",
    "Température": "Frais",
    "Conditionnement": "Portion de 15 g. Plateau de 30 portions.",
    "Unité de commande": "plateau",
    "Prix": "7,62 EUR",
    "Prix à l'unité de mesure": "16,94 EUR / kg",
    "Prix à la portion": "0,25 EUR / Portion",
    "DLC garantie au client": "7 jour(s)"
  },
  {
    "Rayon": "Crèmerie Œufs Fromages",
    "Libellé produit": "Beurre demi sel la conviette. aop",
    "Marque": "LA VIETTE",
    "Code Produit": "249371",
    "Température": "Frais",
    "Conditionnement": "Portion de 15 g. Plateau de 30 portions.",
    "Unité de commande": "plateau",
    "Prix": "7,62 EUR",
    "Prix à l'unité de mesure": "16,94 EUR / kg",
    "Prix à la portion": "0,25 EUR / Portion",
    "DLC garantie au client": "7 jour(s)"
  },
  {
    "Rayon": "Crèmerie Œufs Fromages",
    "Libellé produit": "Crème liquide supérieure. gastronomique uht 35% m.g.",
    "Marque": "PRESIDENT PRO",
    "Code Produit": "249427",
    "Température": "Frais",
    "Conditionnement": "Brick de 1 litre. Colis de 6 bricks.",
    "Unité de commande": "colis",
    "Prix": "35,93 EUR",
    "Prix à l'unité de mesure": "5,99 EUR / L",
    "Prix à la portion": "5,99 EUR / brick",
    "DLC garantie au client": "7 jour(s)"
  },
  {
    "Rayon": "Crèmerie Œufs Fromages",
    "Libellé produit": "Yaourt à la grecque nature",
    "Marque": "NOVA",
    "Code Produit": "249502",
    "Température": "Frais",
    "Conditionnement": "Lot de 600 g. Colis de 6 lots. Lot de 4 portions.",
    "Unité de commande": "colis",
    "Prix": "19,46 EUR",
    "Prix à l'unité de mesure": "5,41 EUR / kg",
    "Prix à la portion": "3,24 EUR / lot",
    "DLC garantie au client": "5 jour(s)"
  },
  {
    "Rayon": "Crèmerie Œufs Fromages",
    "Libellé produit": "Crème dessert au chocolat",
    "Marque": "MAMIE NOVA",
    "Code Produit": "249505",
    "Température": "Frais",
    "Conditionnement": "Lot de 500 g. Colis de 12 lots. Lot de 4 portions.",
    "Unité de commande": "colis",
    "Prix": "18,13 EUR",
    "Prix à l'unité de mesure": "3,02 EUR / kg",
    "Prix à la portion": "1,51 EUR / lot",
    "DLC garantie au client": "7 jour(s)"
  },
  {
    "Rayon": "Crèmerie Œufs Fromages",
    "Libellé produit": "Tomme blanche 27% m.g.",
    "Marque": "MONTSALVY",
    "Code Produit": "249578",
    "Température": "Frais",
    "Conditionnement": "Par pièce de 2 kg. Colis de 2 pièces.",
    "Unité de commande": "pièce",
    "Prix": "18,62 EUR",
    "Prix à l'unité de mesure": "9,31 EUR / kg",
    "Prix à la portion": "37,24 EUR / colis",
    "DLC garantie au client": "7 jour(s)"
  },
  {
    "Rayon": "Crèmerie Œufs Fromages",
    "Libellé produit": "Yaourt à boire nature actimel",
    "Marque": "ACTIMEL",
    "Code Produit": "249602",
    "Température": "Frais",
    "Conditionnement": "Lot de 1.2 kg. Colis de 2 lots. Lot de 12 portions.",
    "Unité de commande": "colis",
    "Prix": "16,71 EUR",
    "Prix à l'unité de mesure": "6,96 EUR / kg",
    "Prix à la portion": "8,36 EUR / lot",
    "DLC garantie au client": "7 jour(s)"
  },
  {
    "Rayon": "Crèmerie Œufs Fromages",
    "Libellé produit": "Yaourt aux fruits activia. panaché bifidus",
    "Marque": "ACTIVIA",
    "Code Produit": "249603",
    "Température": "Frais",
    "Conditionnement": "Lot de 1 kg. Colis de 3 lots. Lot de 8 portions.",
    "Unité de commande": "colis",
    "Prix": "18,19 EUR",
    "Prix à l'unité de mesure": "6,06 EUR / kg",
    "Prix à la portion": "6,06 EUR / lot",
    "DLC garantie au client": "7 jour(s)"
  },
  {
    "Rayon": "Crèmerie Œufs Fromages",
    "Libellé produit": "Yaourt nature bifidus activia",
    "Marque": "ACTIVIA",
    "Code Produit": "249605",
    "Température": "Frais",
    "Conditionnement": "Plaque de 500 g. Colis de 6 plaques. Plaque de 4 portions.",
    "Unité de commande": "colis",
    "Prix": "13,49 EUR",
    "Prix à l'unité de mesure": "4,50 EUR / kg",
    "Prix à la portion": "2,25 EUR / plaque",
    "DLC garantie au client": "7 jour(s)"
  },
  {
    "Rayon": "Crèmerie Œufs Fromages",
    "Libellé produit": "Yaourt nature bio les 2 vaches",
    "Marque": "LES 2 VACHES",
    "Code Produit": "249620",
    "Température": "Frais",
    "Conditionnement": "Plaque de 460 g. Colis de 4 plaques. Plaque de 4 portions.",
    "Unité de commande": "colis",
    "Prix": "8,22 EUR",
    "Prix à l'unité de mesure": "4,47 EUR / kg",
    "Prix à la portion": "2,06 EUR / plaque",
    "DLC garantie au client": "7 jour(s)"
  },
  {
    "Rayon": "Crèmerie Œufs Fromages",
    "Libellé produit": "Cream cheese",
    "Marque": "ARLA PROFESSIONAL",
    "Code Produit": "249756",
    "Température": "Frais",
    "Conditionnement": "Par pot de 1.5 kg. Colis de 4 pots.",
    "Unité de commande": "pot",
    "Prix": "10,81 EUR",
    "Prix à l'unité de mesure": "7,21 EUR / kg",
    "Prix à la portion": "43,25 EUR / colis",
    "DLC garantie au client": "7 jour(s)"
  },
  {
    "Rayon": "Crèmerie Œufs Fromages",
    "Libellé produit": "Mozzarella di bufala aop",
    "Marque": "MICHELANGELO",
    "Code Produit": "249799",
    "Température": "Frais",
    "Conditionnement": "Par sachet de 125 g. Colis de 12 sachets.",
    "Unité de commande": "sachet",
    "Prix": "2,44 EUR",
    "Prix à l'unité de mesure": "19,54 EUR / kg",
    "Prix à la portion": "29,30 EUR / colis",
    "DLC garantie au client": "7 jour(s)"
  },
  {
    "Rayon": "Accompagnements Assaisonnement",
    "Libellé produit": "Jus poulet deshydrate. pour 20 litres",
    "Marque": "CHEF",
    "Code Produit": "250220",
    "Température": "Ambiant",
    "Conditionnement": "Par boite de 600 g. Colis de 6 boites.",
    "Unité de commande": "boite",
    "Prix": "18,45 EUR",
    "Prix à l'unité de mesure": "30,75 EUR / kg",
    "Prix à la portion": "110,69 EUR / colis",
    "DLC garantie au client": "30 jour(s)"
  },
  {
    "Rayon": "Accompagnements Assaisonnement",
    "Libellé produit": "Gros cornichon aigre doux",
    "Marque": "KUHNE",
    "Code Produit": "250561",
    "Température": "Ambiant",
    "Conditionnement": "Par bocal de 2.45 kg. Colis de 4 bocaux.",
    "Unité de commande": "bocal",
    "Prix": "11,03 EUR",
    "Prix à l'unité de mesure": "4,50 EUR / kg",
    "Prix à la portion": "44,14 EUR / colis",
    "DLC garantie au client": "30 jour(s)"
  },
  {
    "Rayon": "Accompagnements Assaisonnement",
    "Libellé produit": "riz basmati",
    "Marque": "TILDA",
    "Code Produit": "250604",
    "Température": "Ambiant",
    "Conditionnement": "Par sac de 10 kg.",
    "Unité de commande": "sac",
    "Prix": "35,91 EUR",
    "Prix à l'unité de mesure": "3,59 EUR / kg",
    "Prix à la portion": "",
    "DLC garantie au client": "30 jour(s)"
  },
  {
    "Rayon": "Accompagnements Assaisonnement",
    "Libellé produit": "Farine de riz",
    "Marque": "",
    "Code Produit": "250606",
    "Température": "Ambiant",
    "Conditionnement": "Par sac de 20 kg.",
    "Unité de commande": "sac",
    "Prix": "33,76 EUR",
    "Prix à l'unité de mesure": "1,69 EUR / kg",
    "Prix à la portion": "",
    "DLC garantie au client": "30 jour(s)"
  },
  {
    "Rayon": "Accompagnements Assaisonnement",
    "Libellé produit": "Spaghetti",
    "Marque": "DE CECCO",
    "Code Produit": "250692",
    "Température": "Ambiant",
    "Conditionnement": "Par paquet de 3 kg. Colis de 4 paquets.",
    "Unité de commande": "paquet",
    "Prix": "9,65 EUR",
    "Prix à l'unité de mesure": "3,22 EUR / kg",
    "Prix à la portion": "38,59 EUR / colis",
    "DLC garantie au client": "30 jour(s)"
  },
  {
    "Rayon": "Accompagnements Assaisonnement",
    "Libellé produit": "Fleur de sel fumée",
    "Marque": "GRAND CRU DE BATZ",
    "Code Produit": "250741",
    "Température": "Ambiant",
    "Conditionnement": "Par boite de 100 g. Colis de 12 boites.",
    "Unité de commande": "boite",
    "Prix": "10,93 EUR",
    "Prix à l'unité de mesure": "109,26 EUR / kg",
    "Prix à la portion": "131,11 EUR / colis",
    "DLC garantie au client": "30 jour(s)"
  },
  {
    "Rayon": "Accompagnements Assaisonnement",
    "Libellé produit": "Cumin entier",
    "Marque": "DUCROS",
    "Code Produit": "251272",
    "Température": "Ambiant",
    "Conditionnement": "Par boite de 375 g. Colis de 6 boites.",
    "Unité de commande": "boite",
    "Prix": "8,36 EUR",
    "Prix à l'unité de mesure": "22,28 EUR / kg",
    "Prix à la portion": "50,14 EUR / colis",
    "DLC garantie au client": "30 jour(s)"
  },
  {
    "Rayon": "Charcuterie Traiteur",
    "Libellé produit": "Mini tartelette salee ronde. tomate basilic, diametre 4.2cm",
    "Marque": "HUG",
    "Code Produit": "251957",
    "Température": "Ambiant",
    "Conditionnement": "Portion de 6.3 g. Colis de 160 portions.",
    "Unité de commande": "colis",
    "Prix": "39,11 EUR",
    "Prix à l'unité de mesure": "38,80 EUR / kg",
    "Prix à la portion": "0,24 EUR / Portion",
    "DLC garantie au client": "30 jour(s)"
  },
  {
    "Rayon": "Charcuterie Traiteur",
    "Libellé produit": "Mini tartellette salée ronde. olive et romarin",
    "Marque": "HUG",
    "Code Produit": "251958",
    "Température": "Ambiant",
    "Conditionnement": "Portion de 6.4 g. Colis de 160 portions.",
    "Unité de commande": "colis",
    "Prix": "40,09 EUR",
    "Prix à l'unité de mesure": "39,15 EUR / kg",
    "Prix à la portion": "0,25 EUR / Portion",
    "DLC garantie au client": "30 jour(s)"
  },
  {
    "Rayon": "Pains Viennoiserie Pâtes",
    "Libellé produit": "Brioche tranchée pur beurre",
    "Marque": "HARRYS FOOD SERVICE",
    "Code Produit": "251966",
    "Température": "Ambiant",
    "Conditionnement": "Par paquet de 500 g. Colis de 7 paquets.",
    "Unité de commande": "paquet",
    "Prix": "4,37 EUR",
    "Prix à l'unité de mesure": "8,75 EUR / kg",
    "Prix à la portion": "30,62 EUR / colis",
    "DLC garantie au client": "7 jour(s)"
  },
  {
    "Rayon": "Accompagnements Assaisonnement",
    "Libellé produit": "Coriandre entière",
    "Marque": "DUCROS",
    "Code Produit": "252221",
    "Température": "Ambiant",
    "Conditionnement": "Par boite de 230 g. Colis de 6 boites.",
    "Unité de commande": "boite",
    "Prix": "5,64 EUR",
    "Prix à l'unité de mesure": "24,51 EUR / kg",
    "Prix à la portion": "33,83 EUR / colis",
    "DLC garantie au client": "30 jour(s)"
  },
  {
    "Rayon": "Épicerie",
    "Libellé produit": "Country store muesli",
    "Marque": "KELLOGG'S",
    "Code Produit": "252452",
    "Température": "Ambiant",
    "Conditionnement": "Portion de 40 g. Colis de 32 portions.",
    "Unité de commande": "colis",
    "Prix": "23,18 EUR",
    "Prix à l'unité de mesure": "18,11 EUR / kg",
    "Prix à la portion": "0,72 EUR / Portion",
    "DLC garantie au client": "30 jour(s)"
  },
  {
    "Rayon": "Accompagnements Assaisonnement",
    "Libellé produit": "Hon mirin sauce cuisson 14%",
    "Marque": "HINODE",
    "Code Produit": "253037",
    "Température": "Ambiant",
    "Conditionnement": "Par bouteille de 400 ml. Colis de 10 bouteilles.",
    "Unité de commande": "bouteille",
    "Prix": "9,10 EUR",
    "Prix à l'unité de mesure": "22,75 EUR / L",
    "Prix à la portion": "91,00 EUR / colis",
    "DLC garantie au client": "30 jour(s)"
  },
  {
    "Rayon": "Accompagnements Assaisonnement",
    "Libellé produit": "Sedani rigati. pâte de semoule de blé dur de. qualité supérieure",
    "Marque": "DE CECCO",
    "Code Produit": "253157",
    "Température": "Ambiant",
    "Conditionnement": "Par paquet de 500 g. Colis de 24 paquets.",
    "Unité de commande": "paquet",
    "Prix": "1,73 EUR",
    "Prix à l'unité de mesure": "3,47 EUR / kg",
    "Prix à la portion": "41,59 EUR / colis",
    "DLC garantie au client": "30 jour(s)"
  },
  {
    "Rayon": "Accompagnements Assaisonnement",
    "Libellé produit": "Jus de boeuf déshydraté. boîte de 600 g",
    "Marque": "CHEF",
    "Code Produit": "253388",
    "Température": "Ambiant",
    "Conditionnement": "Par boite de 600 g. Colis de 6 boites.",
    "Unité de commande": "boite",
    "Prix": "17,18 EUR",
    "Prix à l'unité de mesure": "28,63 EUR / kg",
    "Prix à la portion": "103,07 EUR / colis",
    "DLC garantie au client": "30 jour(s)"
  },
  {
    "Rayon": "Accompagnements Assaisonnement",
    "Libellé produit": "Jus d'agneau déshydraté. boîte de 600 g",
    "Marque": "CHEF",
    "Code Produit": "253408",
    "Température": "Ambiant",
    "Conditionnement": "Par boite de 600 g. Colis de 6 boites.",
    "Unité de commande": "boite",
    "Prix": "23,44 EUR",
    "Prix à l'unité de mesure": "39,06 EUR / kg",
    "Prix à la portion": "140,62 EUR / colis",
    "DLC garantie au client": "30 jour(s)"
  },
  {
    "Rayon": "Équipement Hygiène",
    "Libellé produit": "Cuillères en bois. longueur : 15.8 cm. colis de 100",
    "Marque": "MATFER",
    "Code Produit": "253830",
    "Température": "Ambiant",
    "Conditionnement": "Colis de 100 portions.",
    "Unité de commande": "colis",
    "Prix": "2,68 EUR",
    "Prix à l'unité de mesure": "",
    "Prix à la portion": "0,03 EUR / Portion",
    "DLC garantie au client": ""
  },
  {
    "Rayon": "Épicerie",
    "Libellé produit": "Confitures assortiment. 4 variétés 20 g",
    "Marque": "ST MAMET",
    "Code Produit": "255493",
    "Température": "Ambiant",
    "Conditionnement": "Portion de 20 g. Colis de 120 portions.",
    "Unité de commande": "colis",
    "Prix": "14,95 EUR",
    "Prix à l'unité de mesure": "6,23 EUR / kg",
    "Prix à la portion": "0,12 EUR / Portion",
    "DLC garantie au client": "30 jour(s)"
  },
  {
    "Rayon": "Épicerie",
    "Libellé produit": "Pâte à tartiner sans huile de. palme",
    "Marque": "ST MAMET",
    "Code Produit": "255529",
    "Température": "Ambiant",
    "Conditionnement": "Portion de 15 g. Colis de 120 portions.",
    "Unité de commande": "colis",
    "Prix": "15,84 EUR",
    "Prix à l'unité de mesure": "8,80 EUR / kg",
    "Prix à la portion": "0,13 EUR / Portion",
    "DLC garantie au client": "30 jour(s)"
  },
  {
    "Rayon": "Crèmerie Œufs Fromages",
    "Libellé produit": "Oeufs brouilles natures",
    "Marque": "OVOTEAM",
    "Code Produit": "255588",
    "Température": "Frais",
    "Conditionnement": "Par barquette de 500 g. Colis de 8 barquettes.",
    "Unité de commande": "barquette",
    "Prix": "4,54 EUR",
    "Prix à l'unité de mesure": "9,08 EUR / kg",
    "Prix à la portion": "36,33 EUR / colis",
    "DLC garantie au client": "7 jour(s)"
  },
  {
    "Rayon": "Accompagnements Assaisonnement",
    "Libellé produit": "Huile excellence",
    "Marque": "BORGES",
    "Code Produit": "255692",
    "Température": "Ambiant",
    "Conditionnement": "Par bidon de 7.5 litre. Colis de 2 bidons.",
    "Unité de commande": "bidon",
    "Prix": "23,85 EUR",
    "Prix à l'unité de mesure": "3,18 EUR / L",
    "Prix à la portion": "47,70 EUR / colis",
    "DLC garantie au client": "30 jour(s)"
  },
  {
    "Rayon": "Boissons",
    "Libellé produit": "Eau gazeuse Badoit verte. finement pétillante verre. perdu",
    "Marque": "BADOIT",
    "Code Produit": "255966",
    "Température": "Ambiant",
    "Conditionnement": "Bouteille de 750 ml. Colis de 12 bouteilles.",
    "Unité de commande": "colis",
    "Prix": "38,18 EUR",
    "Prix à l'unité de mesure": "4,24 EUR / L",
    "Prix à la portion": "3,18 EUR / bouteille",
    "DLC garantie au client": "30 jour(s)"
  },
  {
    "Rayon": "Desserts Glaces",
    "Libellé produit": "Dessert fruitier pomme nature. pot de 100 g",
    "Marque": "ANDROS",
    "Code Produit": "257269",
    "Température": "Frais",
    "Conditionnement": "Portion de 100 g. Colis de 24 portions.",
    "Unité de commande": "colis",
    "Prix": "6,05 EUR",
    "Prix à l'unité de mesure": "2,52 EUR / kg",
    "Prix à la portion": "0,25 EUR / Portion",
    "DLC garantie au client": "5 jour(s)"
  },
  {
    "Rayon": "Crèmerie Œufs Fromages",
    "Libellé produit": "Panier de Yoplait panaché",
    "Marque": "PANIER DE YOPLAIT",
    "Code Produit": "257344",
    "Température": "Frais",
    "Conditionnement": "Lot de 500 g. Colis de 12 lots. Lot de 4 portions.",
    "Unité de commande": "colis",
    "Prix": "12,59 EUR",
    "Prix à l'unité de mesure": "2,10 EUR / kg",
    "Prix à la portion": "1,05 EUR / lot",
    "DLC garantie au client": "7 jour(s)"
  },
  {
    "Rayon": "Viandes Volailles Gibier",
    "Libellé produit": "Pièce du boucher mariné. francais",
    "Marque": "BEAUVALLET RESTAURATION",
    "Code Produit": "257452",
    "Température": "Frais",
    "Conditionnement": "Portion de 180 g. Poche de 10 portions.",
    "Unité de commande": "poche",
    "Prix": "36,03 EUR",
    "Prix à l'unité de mesure": "20,02 EUR / kg",
    "Prix à la portion": "3,60 EUR / Portion",
    "DLC garantie au client": "5 jour(s)"
  },
  {
    "Rayon": "Boissons",
    "Libellé produit": "Riesling. Martin Zahn",
    "Marque": "CAVE DE RIBEAUVILLE",
    "Code Produit": "260521",
    "Température": "Ambiant",
    "Conditionnement": "Bouteille de 750 ml. Colis de 6 bouteilles.",
    "Unité de commande": "colis",
    "Prix": "49,27 EUR",
    "Prix à l'unité de mesure": "10,95 EUR / L",
    "Prix à la portion": "8,21 EUR / bouteille",
    "DLC garantie au client": ""
  },
  {
    "Rayon": "Boissons",
    "Libellé produit": "Jus d'orange avec sa pulpe",
    "Marque": "TROPICANA",
    "Code Produit": "261987",
    "Température": "Ambiant",
    "Conditionnement": "Bouteille de 250 ml. Colis de 12 bouteilles.",
    "Unité de commande": "colis",
    "Prix": "19,30 EUR",
    "Prix à l'unité de mesure": "6,43 EUR / L",
    "Prix à la portion": "1,61 EUR / bouteille",
    "DLC garantie au client": "30 jour(s)"
  },
  {
    "Rayon": "Boissons",
    "Libellé produit": "Jus de pomme douce",
    "Marque": "TROPICANA",
    "Code Produit": "261988",
    "Température": "Ambiant",
    "Conditionnement": "Bouteille de 250 ml. Colis de 12 bouteilles.",
    "Unité de commande": "colis",
    "Prix": "18,85 EUR",
    "Prix à l'unité de mesure": "6,28 EUR / L",
    "Prix à la portion": "1,57 EUR / bouteille",
    "DLC garantie au client": "30 jour(s)"
  },
  {
    "Rayon": "Charcuterie Traiteur",
    "Libellé produit": "Mais à éclater pour pop corn",
    "Marque": "KREEK'S",
    "Code Produit": "264098",
    "Température": "Ambiant",
    "Conditionnement": "Par sachet de 1 kg. Colis de 10 sachets.",
    "Unité de commande": "sachet",
    "Prix": "3,83 EUR",
    "Prix à l'unité de mesure": "3,83 EUR / kg",
    "Prix à la portion": "38,29 EUR / colis",
    "DLC garantie au client": "30 jour(s)"
  },
  {
    "Rayon": "Accompagnements Assaisonnement",
    "Libellé produit": "Penne rigate. qualité supérieure",
    "Marque": "PANZANI",
    "Code Produit": "265025",
    "Température": "Ambiant",
    "Conditionnement": "Par sac de 5 kg.",
    "Unité de commande": "sac",
    "Prix": "15,01 EUR",
    "Prix à l'unité de mesure": "3,00 EUR / kg",
    "Prix à la portion": "",
    "DLC garantie au client": "30 jour(s)"
  },
  {
    "Rayon": "Pâtisserie Biscuiterie Confiserie",
    "Libellé produit": "Pectine n.h. nappage",
    "Marque": "LOUIS FRANCOIS",
    "Code Produit": "267005",
    "Température": "Ambiant",
    "Conditionnement": "Par boite de 1 kg. Colis de 12 boites.",
    "Unité de commande": "boite",
    "Prix": "45,90 EUR",
    "Prix à l'unité de mesure": "45,90 EUR / kg",
    "Prix à la portion": "550,84 EUR / colis",
    "DLC garantie au client": "30 jour(s)"
  },
  {
    "Rayon": "Épicerie",
    "Libellé produit": "Raisins secs golden choice",
    "Marque": "OLYMPFRUITS",
    "Code Produit": "272351",
    "Température": "Ambiant",
    "Conditionnement": "Par sachet de 1 kg. Colis de 10 sachets.",
    "Unité de commande": "sachet",
    "Prix": "6,61 EUR",
    "Prix à l'unité de mesure": "6,61 EUR / kg",
    "Prix à la portion": "66,07 EUR / colis",
    "DLC garantie au client": "30 jour(s)"
  },
  {
    "Rayon": "Pains Viennoiserie Pâtes",
    "Libellé produit": "Pavé rustique précuit",
    "Marque": "BRIDOR",
    "Code Produit": "272708",
    "Température": "Surgele",
    "Conditionnement": "Portion de 450 g. Colis de 25 portions.",
    "Unité de commande": "colis",
    "Prix": "33,01 EUR",
    "Prix à l'unité de mesure": "2,93 EUR / kg",
    "Prix à la portion": "1,32 EUR / Portion",
    "DLC garantie au client": "30 jour(s)"
  },
  {
    "Rayon": "Fruits et Légumes",
    "Libellé produit": "Tomate équeutée 47/57. catégorie 1",
    "Marque": "STKFL",
    "Code Produit": "273331",
    "Température": "Frais",
    "Conditionnement": "Par colis de 6 kg.",
    "Unité de commande": "colis",
    "Prix": "14,32 EUR",
    "Prix à l'unité de mesure": "2,39 EUR / kg",
    "Prix à la portion": "",
    "DLC garantie au client": ""
  },
  {
    "Rayon": "Fruits et Légumes",
    "Libellé produit": "Gingembre. catégorie 1",
    "Marque": "STKFL",
    "Code Produit": "273338",
    "Température": "Frais",
    "Conditionnement": "Par barquette de 250 g.",
    "Unité de commande": "barquette",
    "Prix": "1,99 EUR",
    "Prix à l'unité de mesure": "7,95 EUR / kg",
    "Prix à la portion": "",
    "DLC garantie au client": ""
  },
  {
    "Rayon": "Fruits et Légumes",
    "Libellé produit": "Tomate cerise grappe. catégorie 1. France",
    "Marque": "STKFL",
    "Code Produit": "273388",
    "Température": "Frais",
    "Conditionnement": "Par colis de 3 kg.",
    "Unité de commande": "colis",
    "Prix": "22,22 EUR",
    "Prix à l'unité de mesure": "7,41 EUR / kg",
    "Prix à la portion": "",
    "DLC garantie au client": ""
  },
  {
    "Rayon": "Fruits et Légumes",
    "Libellé produit": "Batavia bio. catégorie 2. France",
    "Marque": "AFL",
    "Code Produit": "273396",
    "Température": "Frais",
    "Conditionnement": "Portion de 300 g. Colis de 12 portions.",
    "Unité de commande": "colis",
    "Prix": "14,49 EUR",
    "Prix à l'unité de mesure": "4,03 EUR / kg",
    "Prix à la portion": "1,21 EUR / Portion",
    "DLC garantie au client": "2 jour(s)"
  },
  {
    "Rayon": "Viandes Volailles Gibier",
    "Libellé produit": "Effiloché de canard confit",
    "Marque": "POULE ET TOQUE",
    "Code Produit": "273419",
    "Température": "Frais",
    "Conditionnement": "Poche de 2 kg. Colis de 2 poches.",
    "Unité de commande": "colis",
    "Prix": "79,41 EUR",
    "Prix à l'unité de mesure": "19,85 EUR / kg",
    "Prix à la portion": "39,70 EUR / poche",
    "DLC garantie au client": "10 jour(s)"
  },
  {
    "Rayon": "Pains Viennoiserie Pâtes",
    "Libellé produit": "Baking powder. poudre à lever",
    "Marque": "ANCEL",
    "Code Produit": "273953",
    "Température": "Ambiant",
    "Conditionnement": "Par boite de 1 kg. Colis de 6 boites.",
    "Unité de commande": "boite",
    "Prix": "7,11 EUR",
    "Prix à l'unité de mesure": "7,11 EUR / kg",
    "Prix à la portion": "42,66 EUR / colis",
    "DLC garantie au client": "30 jour(s)"
  },
  {
    "Rayon": "Équipement Hygiène",
    "Libellé produit": "Sacs à déchets de 10 L blanc. haute densité - 12 microns. rouleau de 50",
    "Marque": "",
    "Code Produit": "275705",
    "Température": "Ambiant",
    "Conditionnement": "Colis de 1000 portions.",
    "Unité de commande": "colis",
    "Prix": "14,72 EUR",
    "Prix à l'unité de mesure": "",
    "Prix à la portion": "0,01 EUR / Portion",
    "DLC garantie au client": ""
  },
  {
    "Rayon": "Fruits et Légumes",
    "Libellé produit": "Framboise. catégorie 1",
    "Marque": "STKFL",
    "Code Produit": "276466",
    "Température": "Frais",
    "Conditionnement": "Par barquette de 125 g.",
    "Unité de commande": "barquette",
    "Prix": "3,27 EUR",
    "Prix à l'unité de mesure": "26,13 EUR / kg",
    "Prix à la portion": "",
    "DLC garantie au client": "4 jour(s)"
  },
  {
    "Rayon": "Fruits et Légumes",
    "Libellé produit": "Groseille. catégorie 1",
    "Marque": "STKFL",
    "Code Produit": "276467",
    "Température": "Frais",
    "Conditionnement": "Par barquette de 125 g.",
    "Unité de commande": "barquette",
    "Prix": "3,00 EUR",
    "Prix à l'unité de mesure": "23,96 EUR / kg",
    "Prix à la portion": "",
    "DLC garantie au client": "4 jour(s)"
  },
  {
    "Rayon": "Fruits et Légumes",
    "Libellé produit": "Chou brocoli. catégorie 1",
    "Marque": "STKFL",
    "Code Produit": "276484",
    "Température": "Frais",
    "Conditionnement": "Par pièce de 500 g.",
    "Unité de commande": "pièce",
    "Prix": "2,08 EUR",
    "Prix à l'unité de mesure": "4,15 EUR / kg",
    "Prix à la portion": "",
    "DLC garantie au client": ""
  },
  {
    "Rayon": "Poissons Coquillages Crustacés",
    "Libellé produit": "Filet de thon pour. sashimi décongelé",
    "Marque": "",
    "Code Produit": "276490",
    "Température": "Frais",
    "Conditionnement": "Par barquette de 3 kg.",
    "Unité de commande": "barquette",
    "Prix": "83,70 EUR",
    "Prix à l'unité de mesure": "27,90 EUR / kg",
    "Prix à la portion": "",
    "DLC garantie au client": "5 jour(s)"
  },
  {
    "Rayon": "Épicerie",
    "Libellé produit": "Miel mille fleurs liquide",
    "Marque": "EUROMIEL",
    "Code Produit": "276964",
    "Température": "Ambiant",
    "Conditionnement": "Par seau de 5 kg.",
    "Unité de commande": "seau",
    "Prix": "29,49 EUR",
    "Prix à l'unité de mesure": "5,90 EUR / kg",
    "Prix à la portion": "",
    "DLC garantie au client": "30 jour(s)"
  },
  {
    "Rayon": "Fruits et Légumes",
    "Libellé produit": "Pulpe avocat frais",
    "Marque": "L'AVOCAT NU",
    "Code Produit": "277427",
    "Température": "Frais",
    "Conditionnement": "Par sachet de 1 kg. Colis de 4 sachets.",
    "Unité de commande": "sachet",
    "Prix": "14,94 EUR",
    "Prix à l'unité de mesure": "14,94 EUR / kg",
    "Prix à la portion": "59,74 EUR / colis",
    "DLC garantie au client": "7 jour(s)"
  },
  {
    "Rayon": "Accompagnements Assaisonnement",
    "Libellé produit": "Gros sel de Guérande marin. gris",
    "Marque": "TRAD Y SEL",
    "Code Produit": "277523",
    "Température": "Ambiant",
    "Conditionnement": "Par sac de 10 kg.",
    "Unité de commande": "sac",
    "Prix": "15,13 EUR",
    "Prix à l'unité de mesure": "1,51 EUR / kg",
    "Prix à la portion": "",
    "DLC garantie au client": ""
  },
  {
    "Rayon": "Accompagnements Assaisonnement",
    "Libellé produit": "Cornichon en lamelles. aigre doux",
    "Marque": "MARTIN'S",
    "Code Produit": "280542",
    "Température": "Ambiant",
    "Conditionnement": "Par bocal de 1.6 kg. Colis de 6 bocaux.",
    "Unité de commande": "bocal",
    "Prix": "5,18 EUR",
    "Prix à l'unité de mesure": "3,24 EUR / kg",
    "Prix à la portion": "31,09 EUR / colis",
    "DLC garantie au client": "30 jour(s)"
  },
  {
    "Rayon": "Charcuterie Traiteur",
    "Libellé produit": "Saumon fumé tranché écosse",
    "Marque": "",
    "Code Produit": "280716",
    "Température": "Frais",
    "Conditionnement": "Par plaque de 1 kg. Colis de 15 plaques.",
    "Unité de commande": "plaque",
    "Prix": "42,00 EUR",
    "Prix à l'unité de mesure": "42,00 EUR / kg",
    "Prix à la portion": "630,00 EUR / colis",
    "DLC garantie au client": "8 jour(s)"
  },
  {
    "Rayon": "Épicerie",
    "Libellé produit": "Tarama blanc",
    "Marque": "COMPTOIR DU CAVIAR",
    "Code Produit": "280717",
    "Température": "Frais",
    "Conditionnement": "Par pot de 1 kg. Colis de 6 pots.",
    "Unité de commande": "pot",
    "Prix": "15,00 EUR",
    "Prix à l'unité de mesure": "15,00 EUR / kg",
    "Prix à la portion": "90,00 EUR / colis",
    "DLC garantie au client": "3 jour(s)"
  },
  {
    "Rayon": "Fruits et Légumes",
    "Libellé produit": "Carotte batonnet",
    "Marque": "ROSEE DES CHAMPS",
    "Code Produit": "283017",
    "Température": "Frais",
    "Conditionnement": "Par sachet de 1 kg.",
    "Unité de commande": "sachet",
    "Prix": "4,34 EUR",
    "Prix à l'unité de mesure": "4,34 EUR / kg",
    "Prix à la portion": "",
    "DLC garantie au client": "3 jour(s)"
  },
  {
    "Rayon": "Fruits et Légumes",
    "Libellé produit": "Carotte rondelle",
    "Marque": "ROSEE DES CHAMPS",
    "Code Produit": "283019",
    "Température": "Frais",
    "Conditionnement": "Par sachet de 1 kg.",
    "Unité de commande": "sachet",
    "Prix": "2,66 EUR",
    "Prix à l'unité de mesure": "2,66 EUR / kg",
    "Prix à la portion": "",
    "DLC garantie au client": "4 jour(s)"
  },
  {
    "Rayon": "Pâtisserie Biscuiterie Confiserie",
    "Libellé produit": "Purée de figues non sucrée",
    "Marque": "LES VERGERS BOIRON",
    "Code Produit": "285585",
    "Température": "Surgele",
    "Conditionnement": "Par barquette de 1 kg. Colis de 6 barquettes.",
    "Unité de commande": "barquette",
    "Prix": "8,71 EUR",
    "Prix à l'unité de mesure": "8,71 EUR / kg",
    "Prix à la portion": "52,27 EUR / colis",
    "DLC garantie au client": "30 jour(s)"
  },
  {
    "Rayon": "Pâtisserie Biscuiterie Confiserie",
    "Libellé produit": "Mon cake nature",
    "Marque": "KER CADELAC",
    "Code Produit": "286294",
    "Température": "Ambiant",
    "Conditionnement": "Par pièce de 800 g. Colis de 8 pièces.",
    "Unité de commande": "pièce",
    "Prix": "4,24 EUR",
    "Prix à l'unité de mesure": "5,30 EUR / kg",
    "Prix à la portion": "33,89 EUR / colis",
    "DLC garantie au client": "7 jour(s)"
  },
  {
    "Rayon": "Fruits et Légumes",
    "Libellé produit": "Papaye. catégorie 1",
    "Marque": "STKFL",
    "Code Produit": "286445",
    "Température": "Frais",
    "Conditionnement": "Pièce de 450 g. Colis de 7 pièces.",
    "Unité de commande": "colis",
    "Prix": "22,66 EUR",
    "Prix à l'unité de mesure": "7,19 EUR / kg",
    "Prix à la portion": "3,24 EUR / pièce",
    "DLC garantie au client": ""
  },
  {
    "Rayon": "Fruits et Légumes",
    "Libellé produit": "Pomme de terre. agata four lavee 40/60. categorie 1",
    "Marque": "STKFL",
    "Code Produit": "286446",
    "Température": "Frais",
    "Conditionnement": "Par filet de 2.5 kg.",
    "Unité de commande": "filet",
    "Prix": "2,68 EUR",
    "Prix à l'unité de mesure": "1,07 EUR / kg",
    "Prix à la portion": "",
    "DLC garantie au client": ""
  },
  {
    "Rayon": "Accompagnements Assaisonnement",
    "Libellé produit": "Fécule de pomme de terre",
    "Marque": "VIVIEN PAILLE",
    "Code Produit": "289298",
    "Température": "Ambiant",
    "Conditionnement": "Par sac de 5 kg.",
    "Unité de commande": "sac",
    "Prix": "12,79 EUR",
    "Prix à l'unité de mesure": "2,56 EUR / kg",
    "Prix à la portion": "",
    "DLC garantie au client": "30 jour(s)"
  },
  {
    "Rayon": "Accompagnements Assaisonnement",
    "Libellé produit": "Semoule de blé dur fine",
    "Marque": "VIVIEN PAILLE",
    "Code Produit": "289299",
    "Température": "Ambiant",
    "Conditionnement": "Par sac de 5 kg.",
    "Unité de commande": "sac",
    "Prix": "10,45 EUR",
    "Prix à l'unité de mesure": "2,09 EUR / kg",
    "Prix à la portion": "",
    "DLC garantie au client": "30 jour(s)"
  },
  {
    "Rayon": "Accompagnements Assaisonnement",
    "Libellé produit": "Fond de veau au naturel",
    "Marque": "CHEF",
    "Code Produit": "289352",
    "Température": "Ambiant",
    "Conditionnement": "Par brick de 1 litre. Colis de 6 bricks.",
    "Unité de commande": "brick",
    "Prix": "15,10 EUR",
    "Prix à l'unité de mesure": "15,10 EUR / L",
    "Prix à la portion": "90,61 EUR / colis",
    "DLC garantie au client": "30 jour(s)"
  },
  {
    "Rayon": "Épicerie",
    "Libellé produit": "Extra fruits muesli pépites. de céréales croustillantes. avec des noix",
    "Marque": "KELLOGG'S",
    "Code Produit": "289358",
    "Température": "Ambiant",
    "Conditionnement": "Par paquet de 1.5 kg. Colis de 4 paquets.",
    "Unité de commande": "paquet",
    "Prix": "20,49 EUR",
    "Prix à l'unité de mesure": "13,66 EUR / kg",
    "Prix à la portion": "81,97 EUR / colis",
    "DLC garantie au client": "30 jour(s)"
  },
  {
    "Rayon": "Pâtisserie Biscuiterie Confiserie",
    "Libellé produit": "Chocolat blanc zéphyr",
    "Marque": "CACAO BARRY",
    "Code Produit": "292576",
    "Température": "Ambiant",
    "Conditionnement": "Par sac de 10 kg.",
    "Unité de commande": "sac",
    "Prix": "289,06 EUR",
    "Prix à l'unité de mesure": "28,91 EUR / kg",
    "Prix à la portion": "",
    "DLC garantie au client": "30 jour(s)"
  },
  {
    "Rayon": "Épicerie",
    "Libellé produit": "Amandes entières émondées. blanches",
    "Marque": "OLYMPFRUITS",
    "Code Produit": "294447",
    "Température": "Ambiant",
    "Conditionnement": "Par sachet de 1 kg. Colis de 5 sachets.",
    "Unité de commande": "sachet",
    "Prix": "12,19 EUR",
    "Prix à l'unité de mesure": "12,19 EUR / kg",
    "Prix à la portion": "60,96 EUR / colis",
    "DLC garantie au client": "30 jour(s)"
  },
  {
    "Rayon": "Épicerie",
    "Libellé produit": "Amandes entières décortiquées. 23/25",
    "Marque": "OLYMPFRUITS",
    "Code Produit": "294454",
    "Température": "Ambiant",
    "Conditionnement": "Par sachet de 1 kg. Colis de 5 sachets.",
    "Unité de commande": "sachet",
    "Prix": "13,35 EUR",
    "Prix à l'unité de mesure": "13,35 EUR / kg",
    "Prix à la portion": "66,75 EUR / colis",
    "DLC garantie au client": "30 jour(s)"
  },
  {
    "Rayon": "Épicerie",
    "Libellé produit": "Noisette poudre grise",
    "Marque": "OLYMPFRUITS",
    "Code Produit": "294496",
    "Température": "Ambiant",
    "Conditionnement": "Par sachet de 1 kg. Colis de 5 sachets.",
    "Unité de commande": "sachet",
    "Prix": "12,82 EUR",
    "Prix à l'unité de mesure": "12,82 EUR / kg",
    "Prix à la portion": "64,08 EUR / colis",
    "DLC garantie au client": "30 jour(s)"
  },
  {
    "Rayon": "Épicerie",
    "Libellé produit": "Canderel en poudre",
    "Marque": "CANDEREL",
    "Code Produit": "295014",
    "Température": "Ambiant",
    "Conditionnement": "Portion de 0.5 g. Colis de 250 portions.",
    "Unité de commande": "colis",
    "Prix": "8,14 EUR",
    "Prix à l'unité de mesure": "65,14 EUR / kg",
    "Prix à la portion": "0,03 EUR / Portion",
    "DLC garantie au client": "30 jour(s)"
  },
  {
    "Rayon": "Pâtisserie Biscuiterie Confiserie",
    "Libellé produit": "Pailleté feuilletine pur. beurre",
    "Marque": "CACAO BARRY",
    "Code Produit": "297239",
    "Température": "Ambiant",
    "Conditionnement": "Par boite de 2.5 kg. Colis de 4 boites.",
    "Unité de commande": "boite",
    "Prix": "27,11 EUR",
    "Prix à l'unité de mesure": "10,84 EUR / kg",
    "Prix à la portion": "108,44 EUR / colis",
    "DLC garantie au client": "30 jour(s)"
  },
  {
    "Rayon": "Pâtisserie Biscuiterie Confiserie",
    "Libellé produit": "Arôme fleur oranger",
    "Marque": "RAVEL",
    "Code Produit": "297670",
    "Température": "Ambiant",
    "Conditionnement": "Par flacon de 1 litre. Colis de 6 flacons.",
    "Unité de commande": "flacon",
    "Prix": "2,08 EUR",
    "Prix à l'unité de mesure": "2,08 EUR / L",
    "Prix à la portion": "12,46 EUR / colis",
    "DLC garantie au client": "30 jour(s)"
  },
  {
    "Rayon": "Épicerie",
    "Libellé produit": "Noisettes entières émondées. 12/15",
    "Marque": "OLYMPFRUITS",
    "Code Produit": "297691",
    "Température": "Ambiant",
    "Conditionnement": "Par sachet de 1 kg. Colis de 10 sachets.",
    "Unité de commande": "sachet",
    "Prix": "17,31 EUR",
    "Prix à l'unité de mesure": "17,31 EUR / kg",
    "Prix à la portion": "173,14 EUR / colis",
    "DLC garantie au client": "30 jour(s)"
  },
  {
    "Rayon": "Épicerie",
    "Libellé produit": "Noisettes entières décortiquée. s",
    "Marque": "OLYMPFRUITS",
    "Code Produit": "297692",
    "Température": "Ambiant",
    "Conditionnement": "Par sachet de 1 kg. Colis de 10 sachets.",
    "Unité de commande": "sachet",
    "Prix": "14,93 EUR",
    "Prix à l'unité de mesure": "14,93 EUR / kg",
    "Prix à la portion": "149,33 EUR / colis",
    "DLC garantie au client": "30 jour(s)"
  },
  {
    "Rayon": "Fruits et Légumes",
    "Libellé produit": "batavia feuille",
    "Marque": "ROSEE DES CHAMPS",
    "Code Produit": "298098",
    "Température": "Frais",
    "Conditionnement": "Par sachet de 500 g. Colis de 4 sachets.",
    "Unité de commande": "sachet",
    "Prix": "2,67 EUR",
    "Prix à l'unité de mesure": "5,34 EUR / kg",
    "Prix à la portion": "10,69 EUR / colis",
    "DLC garantie au client": "4 jour(s)"
  },
  {
    "Rayon": "Crèmerie Œufs Fromages",
    "Libellé produit": "Beurre doux aop",
    "Marque": "ECHIRE",
    "Code Produit": "298216",
    "Température": "Frais",
    "Conditionnement": "Par plaque de 250 g. Colis de 20 plaques.",
    "Unité de commande": "plaque",
    "Prix": "3,81 EUR",
    "Prix à l'unité de mesure": "15,24 EUR / kg",
    "Prix à la portion": "76,20 EUR / colis",
    "DLC garantie au client": "7 jour(s)"
  },
  {
    "Rayon": "Crèmerie Œufs Fromages",
    "Libellé produit": "Beurre demi sel",
    "Marque": "ECHIRE",
    "Code Produit": "298224",
    "Température": "Frais",
    "Conditionnement": "Par plaque de 250 g. Colis de 20 plaques.",
    "Unité de commande": "plaque",
    "Prix": "3,81 EUR",
    "Prix à l'unité de mesure": "15,24 EUR / kg",
    "Prix à la portion": "76,20 EUR / colis",
    "DLC garantie au client": "7 jour(s)"
  },
  {
    "Rayon": "Accompagnements Assaisonnement",
    "Libellé produit": "Huile de tournesol",
    "Marque": "TG ECONOMY",
    "Code Produit": "300004",
    "Température": "Ambiant",
    "Conditionnement": "Par bouteille de 1 litre. Colis de 15 bouteilles.",
    "Unité de commande": "bouteille",
    "Prix": "2,06 EUR",
    "Prix à l'unité de mesure": "2,06 EUR / L",
    "Prix à la portion": "30,83 EUR / colis",
    "DLC garantie au client": "30 jour(s)"
  },
  {
    "Rayon": "Accompagnements Assaisonnement",
    "Libellé produit": "Huile de tournesol",
    "Marque": "TG ECONOMY",
    "Code Produit": "300006",
    "Température": "Ambiant",
    "Conditionnement": "Par bidon de 25 litre.",
    "Unité de commande": "bidon",
    "Prix": "55,08 EUR",
    "Prix à l'unité de mesure": "2,20 EUR / L",
    "Prix à la portion": "",
    "DLC garantie au client": "30 jour(s)"
  },
  {
    "Rayon": "Charcuterie Traiteur",
    "Libellé produit": "Escargot de Bourgogne. calibre très gros. 8 douzaines",
    "Marque": "TG QUALITY",
    "Code Produit": "300012",
    "Température": "Ambiant",
    "Conditionnement": "Par boite 4/4 de 900 g. Colis de 6 boites 4/4.",
    "Unité de commande": "boite 4/4",
    "Prix": "21,93 EUR",
    "Prix à l'unité de mesure": "24,36 EUR / kg",
    "Prix à la portion": "131,56 EUR / colis",
    "DLC garantie au client": "30 jour(s)"
  },
  {
    "Rayon": "Équipement Hygiène",
    "Libellé produit": "Gel WC, nettoyant et. détartrant",
    "Marque": "TG QUALITY",
    "Code Produit": "300017",
    "Température": "Ambiant",
    "Conditionnement": "Par flacon de 750 ml. Colis de 10 flacons.",
    "Unité de commande": "flacon",
    "Prix": "2,43 EUR",
    "Prix à l'unité de mesure": "3,24 EUR / L",
    "Prix à la portion": "24,33 EUR / colis",
    "DLC garantie au client": "30 jour(s)"
  },
  {
    "Rayon": "Accompagnements Assaisonnement",
    "Libellé produit": "Huile d'olive vierge extra",
    "Marque": "TG ECONOMY",
    "Code Produit": "300023",
    "Température": "Ambiant",
    "Conditionnement": "Par bouteille de 1 litre. Colis de 15 bouteilles.",
    "Unité de commande": "bouteille",
    "Prix": "6,53 EUR",
    "Prix à l'unité de mesure": "6,53 EUR / L",
    "Prix à la portion": "97,98 EUR / colis",
    "DLC garantie au client": "30 jour(s)"
  },
  {
    "Rayon": "Pains Viennoiserie Pâtes",
    "Libellé produit": "Farine de blé T55",
    "Marque": "TG ECONOMY",
    "Code Produit": "300031",
    "Température": "Ambiant",
    "Conditionnement": "Par sac de 25 kg.",
    "Unité de commande": "sac",
    "Prix": "17,75 EUR",
    "Prix à l'unité de mesure": "0,71 EUR / kg",
    "Prix à la portion": "",
    "DLC garantie au client": "30 jour(s)"
  },
  {
    "Rayon": "Pains Viennoiserie Pâtes",
    "Libellé produit": "Farine de blé T55",
    "Marque": "TG ECONOMY",
    "Code Produit": "300033",
    "Température": "Ambiant",
    "Conditionnement": "Paquet de 1 kg. Colis de 10 paquets.",
    "Unité de commande": "colis",
    "Prix": "8,19 EUR",
    "Prix à l'unité de mesure": "0,82 EUR / kg",
    "Prix à la portion": "0,82 EUR / paquet",
    "DLC garantie au client": "30 jour(s)"
  },
  {
    "Rayon": "Pains Viennoiserie Pâtes",
    "Libellé produit": "Farine speciale pizza T00. paquet de 1 kg",
    "Marque": "TG ECONOMY",
    "Code Produit": "300034",
    "Température": "Ambiant",
    "Conditionnement": "Paquet de 1 kg. Colis de 10 paquets.",
    "Unité de commande": "colis",
    "Prix": "7,59 EUR",
    "Prix à l'unité de mesure": "0,76 EUR / kg",
    "Prix à la portion": "0,76 EUR / paquet",
    "DLC garantie au client": "30 jour(s)"
  },
  {
    "Rayon": "Pâtisserie Biscuiterie Confiserie",
    "Libellé produit": "Farine pâtissière T45",
    "Marque": "TG ECONOMY",
    "Code Produit": "300035",
    "Température": "Ambiant",
    "Conditionnement": "Par sac de 25 kg.",
    "Unité de commande": "sac",
    "Prix": "18,60 EUR",
    "Prix à l'unité de mesure": "0,74 EUR / kg",
    "Prix à la portion": "",
    "DLC garantie au client": "30 jour(s)"
  },
  {
    "Rayon": "Pâtisserie Biscuiterie Confiserie",
    "Libellé produit": "Farine de blé T45",
    "Marque": "TG ECONOMY",
    "Code Produit": "300036",
    "Température": "Ambiant",
    "Conditionnement": "Paquet de 1 kg. Colis de 10 paquets.",
    "Unité de commande": "colis",
    "Prix": "6,56 EUR",
    "Prix à l'unité de mesure": "0,66 EUR / kg",
    "Prix à la portion": "0,66 EUR / paquet",
    "DLC garantie au client": "30 jour(s)"
  },
  {
    "Rayon": "Épicerie",
    "Libellé produit": "Café moulu harmonie. 50 % arabica / 50 % robusta",
    "Marque": "TG QUALITY",
    "Code Produit": "300053",
    "Température": "Ambiant",
    "Conditionnement": "Par paquet de 1 kg. Colis de 6 paquets.",
    "Unité de commande": "paquet",
    "Prix": "11,92 EUR",
    "Prix à l'unité de mesure": "11,92 EUR / kg",
    "Prix à la portion": "71,54 EUR / colis",
    "DLC garantie au client": "30 jour(s)"
  },
  {
    "Rayon": "Accompagnements Assaisonnement",
    "Libellé produit": "Haricot coco blanc",
    "Marque": "TG ECONOMY",
    "Code Produit": "300067",
    "Température": "Ambiant",
    "Conditionnement": "Par sac de 5 kg.",
    "Unité de commande": "sac",
    "Prix": "11,94 EUR",
    "Prix à l'unité de mesure": "2,39 EUR / kg",
    "Prix à la portion": "",
    "DLC garantie au client": "30 jour(s)"
  },
  {
    "Rayon": "Accompagnements Assaisonnement",
    "Libellé produit": "Haricots cocos blancs",
    "Marque": "TG ECONOMY",
    "Code Produit": "300068",
    "Température": "Ambiant",
    "Conditionnement": "Par sac de 10 kg.",
    "Unité de commande": "sac",
    "Prix": "23,63 EUR",
    "Prix à l'unité de mesure": "2,36 EUR / kg",
    "Prix à la portion": "",
    "DLC garantie au client": "30 jour(s)"
  },
  {
    "Rayon": "Accompagnements Assaisonnement",
    "Libellé produit": "Lentilles blondes",
    "Marque": "TG ECONOMY",
    "Code Produit": "300071",
    "Température": "Ambiant",
    "Conditionnement": "Par sac de 5 kg.",
    "Unité de commande": "sac",
    "Prix": "15,62 EUR",
    "Prix à l'unité de mesure": "3,12 EUR / kg",
    "Prix à la portion": "",
    "DLC garantie au client": "30 jour(s)"
  },
  {
    "Rayon": "Accompagnements Assaisonnement",
    "Libellé produit": "Lentilles vertes",
    "Marque": "TG ECONOMY",
    "Code Produit": "300073",
    "Température": "Ambiant",
    "Conditionnement": "Par sac de 10 kg.",
    "Unité de commande": "sac",
    "Prix": "37,64 EUR",
    "Prix à l'unité de mesure": "3,76 EUR / kg",
    "Prix à la portion": "",
    "DLC garantie au client": "30 jour(s)"
  },
  {
    "Rayon": "Accompagnements Assaisonnement",
    "Libellé produit": "Lentilles vertes",
    "Marque": "TG ECONOMY",
    "Code Produit": "300074",
    "Température": "Ambiant",
    "Conditionnement": "Par sac de 5 kg.",
    "Unité de commande": "sac",
    "Prix": "16,40 EUR",
    "Prix à l'unité de mesure": "3,28 EUR / kg",
    "Prix à la portion": "",
    "DLC garantie au client": "30 jour(s)"
  },
  {
    "Rayon": "Équipement Hygiène",
    "Libellé produit": "Lessive linge performance",
    "Marque": "TG QUALITY",
    "Code Produit": "300082",
    "Température": "Ambiant",
    "Conditionnement": "Par sac de 18 kg.",
    "Unité de commande": "sac",
    "Prix": "38,19 EUR",
    "Prix à l'unité de mesure": "2,12 EUR / kg",
    "Prix à la portion": "",
    "DLC garantie au client": "30 jour(s)"
  },
  {
    "Rayon": "Charcuterie Traiteur",
    "Libellé produit": "Poitrine crue fumée n°1 vpf",
    "Marque": "TG ECONOMY",
    "Code Produit": "300083",
    "Température": "Frais",
    "Conditionnement": "Par sachet de 2 kg. Colis de 5 sachets.",
    "Unité de commande": "sachet",
    "Prix": "17,60 EUR",
    "Prix à l'unité de mesure": "8,80 EUR / kg",
    "Prix à la portion": "88,01 EUR / colis",
    "DLC garantie au client": "7 jour(s)"
  },
  {
    "Rayon": "Crèmerie Œufs Fromages",
    "Libellé produit": "Parmigiano reggiano râpé aop",
    "Marque": "TG QUALITY",
    "Code Produit": "300092",
    "Température": "Frais",
    "Conditionnement": "Par sachet de 500 g. Colis de 10 sachets.",
    "Unité de commande": "sachet",
    "Prix": "10,46 EUR",
    "Prix à l'unité de mesure": "20,92 EUR / kg",
    "Prix à la portion": "104,60 EUR / colis",
    "DLC garantie au client": "7 jour(s)"
  },
  {
    "Rayon": "Épicerie",
    "Libellé produit": "Sucre en morceaux n°7. enveloppé par 2",
    "Marque": "TG QUALITY",
    "Code Produit": "300110",
    "Température": "Ambiant",
    "Conditionnement": "Portion de 5.208 g. Colis de 960 portions.",
    "Unité de commande": "colis",
    "Prix": "18,32 EUR",
    "Prix à l'unité de mesure": "3,66 EUR / kg",
    "Prix à la portion": "0,02 EUR / Portion",
    "DLC garantie au client": ""
  },
  {
    "Rayon": "Crèmerie Œufs Fromages",
    "Libellé produit": "Comté aop 33% mg. 60 tranches environ",
    "Marque": "TG QUALITY",
    "Code Produit": "300117",
    "Température": "Frais",
    "Conditionnement": "Par sachet de 500 g. Colis de 12 sachets.",
    "Unité de commande": "sachet",
    "Prix": "7,83 EUR",
    "Prix à l'unité de mesure": "15,66 EUR / kg",
    "Prix à la portion": "93,95 EUR / colis",
    "DLC garantie au client": "7 jour(s)"
  },
  {
    "Rayon": "Accompagnements Assaisonnement",
    "Libellé produit": "Olive noire confite dénoyautée. calibre 26/29",
    "Marque": "TG QUALITY",
    "Code Produit": "300127",
    "Température": "Ambiant",
    "Conditionnement": "Par boite 4/4 de 830 g. Colis de 6 boites 4/4.",
    "Unité de commande": "boite 4/4",
    "Prix": "2,79 EUR",
    "Prix à l'unité de mesure": "3,36 EUR / kg",
    "Prix à la portion": "16,73 EUR / colis",
    "DLC garantie au client": "30 jour(s)"
  },
  {
    "Rayon": "Accompagnements Assaisonnement",
    "Libellé produit": "Olive verte dénoyautée. calibre 30/33",
    "Marque": "TG QUALITY",
    "Code Produit": "300130",
    "Température": "Ambiant",
    "Conditionnement": "Par boite 5/1 de 4.1 kg. Colis de 3 boites 5/1.",
    "Unité de commande": "boite 5/1",
    "Prix": "11,27 EUR",
    "Prix à l'unité de mesure": "2,75 EUR / kg",
    "Prix à la portion": "33,82 EUR / colis",
    "DLC garantie au client": "30 jour(s)"
  },
  {
    "Rayon": "Accompagnements Assaisonnement",
    "Libellé produit": "Câpres fines",
    "Marque": "TG ECONOMY",
    "Code Produit": "300154",
    "Température": "Ambiant",
    "Conditionnement": "Par boite 4/4 de 800 g. Colis de 6 boites 4/4.",
    "Unité de commande": "boite 4/4",
    "Prix": "5,12 EUR",
    "Prix à l'unité de mesure": "6,40 EUR / kg",
    "Prix à la portion": "30,73 EUR / colis",
    "DLC garantie au client": "30 jour(s)"
  },
  {
    "Rayon": "Accompagnements Assaisonnement",
    "Libellé produit": "Câpres capucine",
    "Marque": "TG QUALITY",
    "Code Produit": "300156",
    "Température": "Ambiant",
    "Conditionnement": "Par boite 4/4 de 800 g. Colis de 6 boites 4/4.",
    "Unité de commande": "boite 4/4",
    "Prix": "4,75 EUR",
    "Prix à l'unité de mesure": "5,94 EUR / kg",
    "Prix à la portion": "28,52 EUR / colis",
    "DLC garantie au client": "30 jour(s)"
  },
  {
    "Rayon": "Accompagnements Assaisonnement",
    "Libellé produit": "Double concentré de tomates",
    "Marque": "TG ECONOMY",
    "Code Produit": "300172",
    "Température": "Ambiant",
    "Conditionnement": "Par boite de 880 g. Colis de 12 boites.",
    "Unité de commande": "boite",
    "Prix": "2,85 EUR",
    "Prix à l'unité de mesure": "3,24 EUR / kg",
    "Prix à la portion": "34,24 EUR / colis",
    "DLC garantie au client": "30 jour(s)"
  },
  {
    "Rayon": "Équipement Hygiène",
    "Libellé produit": "Liquide vaisselle machine",
    "Marque": "TG QUALITY",
    "Code Produit": "300184",
    "Température": "Ambiant",
    "Conditionnement": "Par fut de 20 litre.",
    "Unité de commande": "fut",
    "Prix": "60,87 EUR",
    "Prix à l'unité de mesure": "3,04 EUR / L",
    "Prix à la portion": "",
    "DLC garantie au client": "30 jour(s)"
  },
  {
    "Rayon": "Accompagnements Assaisonnement",
    "Libellé produit": "Haricot rouge",
    "Marque": "TG ECONOMY",
    "Code Produit": "300188",
    "Température": "Ambiant",
    "Conditionnement": "Par boite 4/4 de 800 g. Colis de 12 boites 4/4.",
    "Unité de commande": "boite 4/4",
    "Prix": "1,51 EUR",
    "Prix à l'unité de mesure": "1,89 EUR / kg",
    "Prix à la portion": "18,17 EUR / colis",
    "DLC garantie au client": "30 jour(s)"
  },
  {
    "Rayon": "Accompagnements Assaisonnement",
    "Libellé produit": "Morilles extra sechees. tubo de 250 g",
    "Marque": "TG QUALITY",
    "Code Produit": "300237",
    "Température": "Ambiant",
    "Conditionnement": "Par tubo de 250 g. Colis de 6 tubo.",
    "Unité de commande": "tubo",
    "Prix": "77,80 EUR",
    "Prix à l'unité de mesure": "311,21 EUR / kg",
    "Prix à la portion": "466,81 EUR / colis",
    "DLC garantie au client": "30 jour(s)"
  },
  {
    "Rayon": "Charcuterie Traiteur",
    "Libellé produit": "Jambon cuit supérieur. decouenne degraissé. pièce de 7.3kg environ",
    "Marque": "TG QUALITY",
    "Code Produit": "300243",
    "Température": "Frais",
    "Conditionnement": "Par pièce de 7.3 kg. Colis de 2 pièces.",
    "Unité de commande": "pièce",
    "Prix": "70,57 EUR",
    "Prix à l'unité de mesure": "9,67 EUR / kg",
    "Prix à la portion": "141,14 EUR / colis",
    "DLC garantie au client": "7 jour(s)"
  },
  {
    "Rayon": "Accompagnements Assaisonnement",
    "Libellé produit": "Champignons de paris. pieds et morceaux",
    "Marque": "TG ECONOMY",
    "Code Produit": "300271",
    "Température": "Ambiant",
    "Conditionnement": "Par boite de 800 g. Colis de 12 boites.",
    "Unité de commande": "boite",
    "Prix": "2,14 EUR",
    "Prix à l'unité de mesure": "2,67 EUR / kg",
    "Prix à la portion": "25,67 EUR / colis",
    "DLC garantie au client": "30 jour(s)"
  },
  {
    "Rayon": "Accompagnements Assaisonnement",
    "Libellé produit": "Pulpe de tomate au jus",
    "Marque": "TG ECONOMY",
    "Code Produit": "300274",
    "Température": "Ambiant",
    "Conditionnement": "Par boite de 4 kg. Colis de 3 boites.",
    "Unité de commande": "boite",
    "Prix": "5,86 EUR",
    "Prix à l'unité de mesure": "1,47 EUR / kg",
    "Prix à la portion": "17,58 EUR / colis",
    "DLC garantie au client": "60 jour(s)"
  },
  {
    "Rayon": "Accompagnements Assaisonnement",
    "Libellé produit": "Tomates entières pelées",
    "Marque": "TG ECONOMY",
    "Code Produit": "300275",
    "Température": "Ambiant",
    "Conditionnement": "Par boite 4/4 de 765 g. Colis de 12 boites 4/4.",
    "Unité de commande": "boite 4/4",
    "Prix": "1,45 EUR",
    "Prix à l'unité de mesure": "1,89 EUR / kg",
    "Prix à la portion": "17,36 EUR / colis",
    "DLC garantie au client": "60 jour(s)"
  },
  {
    "Rayon": "Accompagnements Assaisonnement",
    "Libellé produit": "Pulpe de tomate au jus. en cube",
    "Marque": "TG ECONOMY",
    "Code Produit": "300276",
    "Température": "Ambiant",
    "Conditionnement": "Par boite 4/4 de 765 g. Colis de 12 boites 4/4.",
    "Unité de commande": "boite 4/4",
    "Prix": "1,49 EUR",
    "Prix à l'unité de mesure": "1,95 EUR / kg",
    "Prix à la portion": "17,90 EUR / colis",
    "DLC garantie au client": "60 jour(s)"
  },
  {
    "Rayon": "Épicerie",
    "Libellé produit": "Oreillons d'abricots. préservés",
    "Marque": "TG ECONOMY",
    "Code Produit": "300277",
    "Température": "Ambiant",
    "Conditionnement": "Par boite 5/1 de 4.2 kg. Colis de 3 boites 5/1.",
    "Unité de commande": "boite 5/1",
    "Prix": "8,79 EUR",
    "Prix à l'unité de mesure": "2,09 EUR / kg",
    "Prix à la portion": "26,36 EUR / colis",
    "DLC garantie au client": "30 jour(s)"
  },
  {
    "Rayon": "Crèmerie Œufs Fromages",
    "Libellé produit": "Emmental 27% mg",
    "Marque": "TG ECONOMY",
    "Code Produit": "300303",
    "Température": "Frais",
    "Conditionnement": "Par pièce de 3.5 kg. Colis de 3 pièces.",
    "Unité de commande": "pièce",
    "Prix": "28,47 EUR",
    "Prix à l'unité de mesure": "8,13 EUR / kg",
    "Prix à la portion": "85,41 EUR / colis",
    "DLC garantie au client": "7 jour(s)"
  },
  {
    "Rayon": "Accompagnements Assaisonnement",
    "Libellé produit": "Ketchup",
    "Marque": "TG QUALITY",
    "Code Produit": "300306",
    "Température": "Ambiant",
    "Conditionnement": "Par bidon de 5 litre. Colis de 4 bidons.",
    "Unité de commande": "bidon",
    "Prix": "8,58 EUR",
    "Prix à l'unité de mesure": "1,72 EUR / L",
    "Prix à la portion": "34,33 EUR / colis",
    "DLC garantie au client": "30 jour(s)"
  },
  {
    "Rayon": "Accompagnements Assaisonnement",
    "Libellé produit": "Moutarde à l'ancienne",
    "Marque": "TG QUALITY",
    "Code Produit": "300319",
    "Température": "Ambiant",
    "Conditionnement": "Par seau de 1 kg. Colis de 6 seaux.",
    "Unité de commande": "seau",
    "Prix": "3,92 EUR",
    "Prix à l'unité de mesure": "3,92 EUR / kg",
    "Prix à la portion": "23,53 EUR / colis",
    "DLC garantie au client": "30 jour(s)"
  },
  {
    "Rayon": "Accompagnements Assaisonnement",
    "Libellé produit": "Moutarde de Dijon",
    "Marque": "TG QUALITY",
    "Code Produit": "300322",
    "Température": "Ambiant",
    "Conditionnement": "Par seau de 5 kg.",
    "Unité de commande": "seau",
    "Prix": "10,36 EUR",
    "Prix à l'unité de mesure": "2,07 EUR / kg",
    "Prix à la portion": "",
    "DLC garantie au client": "30 jour(s)"
  },
  {
    "Rayon": "Épicerie",
    "Libellé produit": "Demi poire Williams préservée. boite 5/1",
    "Marque": "TG ECONOMY",
    "Code Produit": "300326",
    "Température": "Ambiant",
    "Conditionnement": "Par boite 5/1 de 4.2 kg. Colis de 3 boites 5/1.",
    "Unité de commande": "boite 5/1",
    "Prix": "10,15 EUR",
    "Prix à l'unité de mesure": "2,42 EUR / kg",
    "Prix à la portion": "30,46 EUR / colis",
    "DLC garantie au client": "30 jour(s)"
  },
  {
    "Rayon": "Accompagnements Assaisonnement",
    "Libellé produit": "Cognac modifié 40%",
    "Marque": "TG QUALITY",
    "Code Produit": "300397",
    "Température": "Ambiant",
    "Conditionnement": "Par bouteille de 2 litre. Colis de 6 bouteilles.",
    "Unité de commande": "bouteille",
    "Prix": "28,49 EUR",
    "Prix à l'unité de mesure": "14,25 EUR / L",
    "Prix à la portion": "170,93 EUR / colis",
    "DLC garantie au client": "30 jour(s)"
  },
  {
    "Rayon": "Accompagnements Assaisonnement",
    "Libellé produit": "Porto rouge modifié 19%",
    "Marque": "TG QUALITY",
    "Code Produit": "300400",
    "Température": "Ambiant",
    "Conditionnement": "Par bouteille de 2 litre. Colis de 6 bouteilles.",
    "Unité de commande": "bouteille",
    "Prix": "13,65 EUR",
    "Prix à l'unité de mesure": "6,82 EUR / L",
    "Prix à la portion": "81,88 EUR / colis",
    "DLC garantie au client": ""
  },
  {
    "Rayon": "Accompagnements Assaisonnement",
    "Libellé produit": "Madère modifié 17%",
    "Marque": "TG QUALITY",
    "Code Produit": "300401",
    "Température": "Ambiant",
    "Conditionnement": "Par bouteille de 2 litre. Colis de 6 bouteilles.",
    "Unité de commande": "bouteille",
    "Prix": "13,78 EUR",
    "Prix à l'unité de mesure": "6,89 EUR / L",
    "Prix à la portion": "82,65 EUR / colis",
    "DLC garantie au client": ""
  },
  {
    "Rayon": "Accompagnements Assaisonnement",
    "Libellé produit": "Riz noir",
    "Marque": "TG PREMIUM",
    "Code Produit": "300436",
    "Température": "Ambiant",
    "Conditionnement": "Par boite de 2.5 kg. Colis de 2 boites.",
    "Unité de commande": "boite",
    "Prix": "24,47 EUR",
    "Prix à l'unité de mesure": "9,79 EUR / kg",
    "Prix à la portion": "48,95 EUR / colis",
    "DLC garantie au client": "30 jour(s)"
  },
  {
    "Rayon": "Accompagnements Assaisonnement",
    "Libellé produit": "Tomates non pelées en cubes. dim. 10 x 10 mm",
    "Marque": "TG ECONOMY",
    "Code Produit": "300444",
    "Température": "Surgele",
    "Conditionnement": "Par sachet de 2.5 kg. Colis de 4 sachets.",
    "Unité de commande": "sachet",
    "Prix": "4,03 EUR",
    "Prix à l'unité de mesure": "1,61 EUR / kg",
    "Prix à la portion": "16,13 EUR / colis",
    "DLC garantie au client": "30 jour(s)"
  },
  {
    "Rayon": "Charcuterie Traiteur",
    "Libellé produit": "Bacon fumé en tranche de 10 gr. barquette de 50 tranches",
    "Marque": "TG QUALITY",
    "Code Produit": "300445",
    "Température": "Frais",
    "Conditionnement": "Portion de 10 g. Barquette de 50 portions.",
    "Unité de commande": "barquette",
    "Prix": "6,21 EUR",
    "Prix à l'unité de mesure": "12,41 EUR / kg",
    "Prix à la portion": "0,12 EUR / Portion",
    "DLC garantie au client": "7 jour(s)"
  },
  {
    "Rayon": "Accompagnements Assaisonnement",
    "Libellé produit": "Vinaigre d'alcool blanc 8°",
    "Marque": "TG ECONOMY",
    "Code Produit": "300461",
    "Température": "Ambiant",
    "Conditionnement": "Par bouteille de 1.5 litre. Colis de 12 bouteilles.",
    "Unité de commande": "bouteille",
    "Prix": "1,10 EUR",
    "Prix à l'unité de mesure": "0,74 EUR / L",
    "Prix à la portion": "13,22 EUR / colis",
    "DLC garantie au client": ""
  },
  {
    "Rayon": "Charcuterie Traiteur",
    "Libellé produit": "Beignet de calamar à la. romaine",
    "Marque": "TG QUALITY",
    "Code Produit": "300481",
    "Température": "Surgele",
    "Conditionnement": "Par sachet de 1 kg. Colis de 6 sachets.",
    "Unité de commande": "sachet",
    "Prix": "6,56 EUR",
    "Prix à l'unité de mesure": "6,56 EUR / kg",
    "Prix à la portion": "39,38 EUR / colis",
    "DLC garantie au client": "30 jour(s)"
  },
  {
    "Rayon": "Pâtisserie Biscuiterie Confiserie",
    "Libellé produit": "pate amande blanche 50%",
    "Marque": "LEGAVE",
    "Code Produit": "300485",
    "Température": "Ambiant",
    "Conditionnement": "Par seau de 4 kg.",
    "Unité de commande": "seau",
    "Prix": "30,63 EUR",
    "Prix à l'unité de mesure": "7,66 EUR / kg",
    "Prix à la portion": "",
    "DLC garantie au client": "30 jour(s)"
  },
  {
    "Rayon": "Crèmerie Œufs Fromages",
    "Libellé produit": "Crème fraiche épaisse 30%. seau de 5 l",
    "Marque": "TG QUALITY",
    "Code Produit": "300488",
    "Température": "Frais",
    "Conditionnement": "Par seau de 5 litre.",
    "Unité de commande": "seau",
    "Prix": "24,86 EUR",
    "Prix à l'unité de mesure": "4,97 EUR / L",
    "Prix à la portion": "",
    "DLC garantie au client": "7 jour(s)"
  },
  {
    "Rayon": "Crèmerie Œufs Fromages",
    "Libellé produit": "Mozzarella souple 22%",
    "Marque": "TG QUALITY",
    "Code Produit": "300494",
    "Température": "Frais",
    "Conditionnement": "Par pièce de 1 kg. Colis de 8 pièces.",
    "Unité de commande": "pièce",
    "Prix": "8,37 EUR",
    "Prix à l'unité de mesure": "8,37 EUR / kg",
    "Prix à la portion": "66,94 EUR / colis",
    "DLC garantie au client": "7 jour(s)"
  },
  {
    "Rayon": "Accompagnements Assaisonnement",
    "Libellé produit": "Baie de genièvre",
    "Marque": "TG ECONOMY",
    "Code Produit": "300499",
    "Température": "Ambiant",
    "Conditionnement": "Par sachet de 1 kg. Colis de 10 sachets.",
    "Unité de commande": "sachet",
    "Prix": "17,16 EUR",
    "Prix à l'unité de mesure": "17,16 EUR / kg",
    "Prix à la portion": "171,59 EUR / colis",
    "DLC garantie au client": "30 jour(s)"
  },
  {
    "Rayon": "Accompagnements Assaisonnement",
    "Libellé produit": "Cumin moulu",
    "Marque": "TG ECONOMY",
    "Code Produit": "300502",
    "Température": "Ambiant",
    "Conditionnement": "Par sachet de 1 kg. Colis de 10 sachets.",
    "Unité de commande": "sachet",
    "Prix": "14,15 EUR",
    "Prix à l'unité de mesure": "14,15 EUR / kg",
    "Prix à la portion": "141,52 EUR / colis",
    "DLC garantie au client": "30 jour(s)"
  },
  {
    "Rayon": "Accompagnements Assaisonnement",
    "Libellé produit": "Gingembre moulu",
    "Marque": "TG ECONOMY",
    "Code Produit": "300507",
    "Température": "Ambiant",
    "Conditionnement": "Par sachet de 500 g. Colis de 20 sachets.",
    "Unité de commande": "sachet",
    "Prix": "5,12 EUR",
    "Prix à l'unité de mesure": "10,23 EUR / kg",
    "Prix à la portion": "102,32 EUR / colis",
    "DLC garantie au client": "30 jour(s)"
  },
  {
    "Rayon": "Accompagnements Assaisonnement",
    "Libellé produit": "Poivre blanc entier",
    "Marque": "TG ECONOMY",
    "Code Produit": "300515",
    "Température": "Ambiant",
    "Conditionnement": "Par sachet de 1 kg. Colis de 10 sachets.",
    "Unité de commande": "sachet",
    "Prix": "22,88 EUR",
    "Prix à l'unité de mesure": "22,88 EUR / kg",
    "Prix à la portion": "228,79 EUR / colis",
    "DLC garantie au client": "30 jour(s)"
  },
  {
    "Rayon": "Accompagnements Assaisonnement",
    "Libellé produit": "Poivre blanc moulu",
    "Marque": "TG ECONOMY",
    "Code Produit": "300516",
    "Température": "Ambiant",
    "Conditionnement": "Par sachet de 1 kg. Colis de 10 sachets.",
    "Unité de commande": "sachet",
    "Prix": "18,25 EUR",
    "Prix à l'unité de mesure": "18,25 EUR / kg",
    "Prix à la portion": "182,49 EUR / colis",
    "DLC garantie au client": "30 jour(s)"
  },
  {
    "Rayon": "Accompagnements Assaisonnement",
    "Libellé produit": "poivre noir concasse",
    "Marque": "TG ECONOMY",
    "Code Produit": "300517",
    "Température": "Ambiant",
    "Conditionnement": "Par sachet de 1 kg. Colis de 10 sachets.",
    "Unité de commande": "sachet",
    "Prix": "19,78 EUR",
    "Prix à l'unité de mesure": "19,78 EUR / kg",
    "Prix à la portion": "197,75 EUR / colis",
    "DLC garantie au client": "30 jour(s)"
  },
  {
    "Rayon": "Accompagnements Assaisonnement",
    "Libellé produit": "poivre noir entier",
    "Marque": "TG ECONOMY",
    "Code Produit": "300518",
    "Température": "Ambiant",
    "Conditionnement": "Par sachet de 1 kg. Colis de 10 sachets.",
    "Unité de commande": "sachet",
    "Prix": "17,19 EUR",
    "Prix à l'unité de mesure": "17,19 EUR / kg",
    "Prix à la portion": "171,87 EUR / colis",
    "DLC garantie au client": "30 jour(s)"
  },
  {
    "Rayon": "Accompagnements Assaisonnement",
    "Libellé produit": "Baies roses",
    "Marque": "TG QUALITY",
    "Code Produit": "300525",
    "Température": "Ambiant",
    "Conditionnement": "Par boite de 220 g. Colis de 6 boites.",
    "Unité de commande": "boite",
    "Prix": "6,56 EUR",
    "Prix à l'unité de mesure": "29,81 EUR / kg",
    "Prix à la portion": "39,35 EUR / colis",
    "DLC garantie au client": "30 jour(s)"
  },
  {
    "Rayon": "Accompagnements Assaisonnement",
    "Libellé produit": "poivre noir mignonnette",
    "Marque": "TG QUALITY",
    "Code Produit": "300531",
    "Température": "Ambiant",
    "Conditionnement": "Par boite de 420 g. Colis de 6 boites.",
    "Unité de commande": "boite",
    "Prix": "6,15 EUR",
    "Prix à l'unité de mesure": "14,65 EUR / kg",
    "Prix à la portion": "36,91 EUR / colis",
    "DLC garantie au client": "30 jour(s)"
  },
  {
    "Rayon": "Crèmerie Œufs Fromages",
    "Libellé produit": "Emmental râpé 29%. sachet de 1 kg",
    "Marque": "TG ECONOMY",
    "Code Produit": "300542",
    "Température": "Frais",
    "Conditionnement": "Par sachet de 1 kg. Colis de 10 sachets.",
    "Unité de commande": "sachet",
    "Prix": "8,18 EUR",
    "Prix à l'unité de mesure": "8,18 EUR / kg",
    "Prix à la portion": "81,76 EUR / colis",
    "DLC garantie au client": "7 jour(s)"
  },
  {
    "Rayon": "Accompagnements Assaisonnement",
    "Libellé produit": "Huile de colza",
    "Marque": "TG ECONOMY",
    "Code Produit": "300581",
    "Température": "Ambiant",
    "Conditionnement": "Par bidon de 25 litre.",
    "Unité de commande": "bidon",
    "Prix": "49,10 EUR",
    "Prix à l'unité de mesure": "1,96 EUR / L",
    "Prix à la portion": "",
    "DLC garantie au client": "30 jour(s)"
  },
  {
    "Rayon": "Pains Viennoiserie Pâtes",
    "Libellé produit": "croissant beurre pret à cuire",
    "Marque": "TG ECONOMY",
    "Code Produit": "300614",
    "Température": "Surgele",
    "Conditionnement": "Portion de 55 g. Colis de 110 portions.",
    "Unité de commande": "colis",
    "Prix": "31,78 EUR",
    "Prix à l'unité de mesure": "5,25 EUR / kg",
    "Prix à la portion": "0,29 EUR / Portion",
    "DLC garantie au client": "30 jour(s)"
  },
  {
    "Rayon": "Pains Viennoiserie Pâtes",
    "Libellé produit": "croissant beurre pret à cuire",
    "Marque": "TG QUALITY",
    "Code Produit": "300616",
    "Température": "Surgele",
    "Conditionnement": "Portion de 70 g. Colis de 60 portions.",
    "Unité de commande": "colis",
    "Prix": "24,37 EUR",
    "Prix à l'unité de mesure": "5,80 EUR / kg",
    "Prix à la portion": "0,41 EUR / Portion",
    "DLC garantie au client": "30 jour(s)"
  },
  {
    "Rayon": "Pains Viennoiserie Pâtes",
    "Libellé produit": "pain au chocolat pret à cuire",
    "Marque": "TG QUALITY",
    "Code Produit": "300617",
    "Température": "Surgele",
    "Conditionnement": "Portion de 75 g. Colis de 70 portions.",
    "Unité de commande": "colis",
    "Prix": "31,09 EUR",
    "Prix à l'unité de mesure": "5,92 EUR / kg",
    "Prix à la portion": "0,44 EUR / Portion",
    "DLC garantie au client": "30 jour(s)"
  },
  {
    "Rayon": "Épicerie",
    "Libellé produit": "Café grain vert arabic de. Colombie IGP",
    "Marque": "TG PREMIUM",
    "Code Produit": "300627",
    "Température": "Ambiant",
    "Conditionnement": "Par paquet de 1 kg. Colis de 6 paquets.",
    "Unité de commande": "paquet",
    "Prix": "15,00 EUR",
    "Prix à l'unité de mesure": "15,00 EUR / kg",
    "Prix à la portion": "89,98 EUR / colis",
    "DLC garantie au client": "30 jour(s)"
  },
  {
    "Rayon": "Crèmerie Œufs Fromages",
    "Libellé produit": "Fromage blanc 2.8%",
    "Marque": "TG QUALITY",
    "Code Produit": "300630",
    "Température": "Frais",
    "Conditionnement": "Par seau de 5 kg.",
    "Unité de commande": "seau",
    "Prix": "11,97 EUR",
    "Prix à l'unité de mesure": "2,39 EUR / kg",
    "Prix à la portion": "",
    "DLC garantie au client": "7 jour(s)"
  },
  {
    "Rayon": "Accompagnements Assaisonnement",
    "Libellé produit": "Galette rosti 32 g environ",
    "Marque": "TG QUALITY",
    "Code Produit": "300636",
    "Température": "Surgele",
    "Conditionnement": "Par sachet de 2.5 kg. Colis de 4 sachets.",
    "Unité de commande": "sachet",
    "Prix": "6,03 EUR",
    "Prix à l'unité de mesure": "2,41 EUR / kg",
    "Prix à la portion": "24,13 EUR / colis",
    "DLC garantie au client": "30 jour(s)"
  },
  {
    "Rayon": "Boissons",
    "Libellé produit": "Sirop de menthe",
    "Marque": "TG QUALITY",
    "Code Produit": "300685",
    "Température": "Ambiant",
    "Conditionnement": "Par bouteille de 1 litre. Colis de 6 bouteilles.",
    "Unité de commande": "bouteille",
    "Prix": "3,78 EUR",
    "Prix à l'unité de mesure": "3,78 EUR / L",
    "Prix à la portion": "22,66 EUR / colis",
    "DLC garantie au client": "30 jour(s)"
  },
  {
    "Rayon": "Charcuterie Traiteur",
    "Libellé produit": "Thon albacore entier naturel",
    "Marque": "TG QUALITY",
    "Code Produit": "300692",
    "Température": "Ambiant",
    "Conditionnement": "Par boite 4/4 de 800 g. Colis de 6 boites 4/4.",
    "Unité de commande": "boite 4/4",
    "Prix": "7,86 EUR",
    "Prix à l'unité de mesure": "9,83 EUR / kg",
    "Prix à la portion": "47,18 EUR / colis",
    "DLC garantie au client": "30 jour(s)"
  },
  {
    "Rayon": "Desserts Glaces",
    "Libellé produit": "Fond de tarte sucré pur beurre. diamètre 10 cm",
    "Marque": "LEGAVE",
    "Code Produit": "300696",
    "Température": "Surgele",
    "Conditionnement": "Portion de 45 g. Colis de 100 portions.",
    "Unité de commande": "colis",
    "Prix": "37,45 EUR",
    "Prix à l'unité de mesure": "8,32 EUR / kg",
    "Prix à la portion": "0,37 EUR / Portion",
    "DLC garantie au client": "30 jour(s)"
  },
  {
    "Rayon": "Équipement Hygiène",
    "Libellé produit": "Papier aluminium en boîte. distributrice. dimensions : 0.45 x 200 m",
    "Marque": "TG QUALITY",
    "Code Produit": "300714",
    "Température": "Ambiant",
    "Conditionnement": "Colis de 6 boites.",
    "Unité de commande": "boite",
    "Prix": "27,23 EUR",
    "Prix à l'unité de mesure": "",
    "Prix à la portion": "163,35 EUR / colis",
    "DLC garantie au client": ""
  },
  {
    "Rayon": "Crèmerie Œufs Fromages",
    "Libellé produit": "Mascarpone 42 % m.g.",
    "Marque": "TG QUALITY",
    "Code Produit": "300718",
    "Température": "Frais",
    "Conditionnement": "Par pièce de 500 g. Colis de 6 pièces.",
    "Unité de commande": "pièce",
    "Prix": "4,17 EUR",
    "Prix à l'unité de mesure": "8,35 EUR / kg",
    "Prix à la portion": "25,04 EUR / colis",
    "DLC garantie au client": "7 jour(s)"
  },
  {
    "Rayon": "Charcuterie Traiteur",
    "Libellé produit": "Lasagnes bolognaises vbf",
    "Marque": "TG QUALITY",
    "Code Produit": "300721",
    "Température": "Surgele",
    "Conditionnement": "Barquette de 2 kg. Colis de 3 barquettes.",
    "Unité de commande": "colis",
    "Prix": "34,63 EUR",
    "Prix à l'unité de mesure": "5,77 EUR / kg",
    "Prix à la portion": "11,54 EUR / barquette",
    "DLC garantie au client": "30 jour(s)"
  },
  {
    "Rayon": "Accompagnements Assaisonnement",
    "Libellé produit": "vinaigre vin rouge 6°",
    "Marque": "TG ECONOMY",
    "Code Produit": "300734",
    "Température": "Ambiant",
    "Conditionnement": "Par bouteille de 1 litre. Colis de 12 bouteilles.",
    "Unité de commande": "bouteille",
    "Prix": "1,15 EUR",
    "Prix à l'unité de mesure": "1,15 EUR / L",
    "Prix à la portion": "13,74 EUR / colis",
    "DLC garantie au client": ""
  },
  {
    "Rayon": "Pains Viennoiserie Pâtes",
    "Libellé produit": "Mini pain aux raisins beurre. fin - pret à cuire",
    "Marque": "TG QUALITY",
    "Code Produit": "300737",
    "Température": "Surgele",
    "Conditionnement": "Portion de 30 g. Colis de 160 portions.",
    "Unité de commande": "colis",
    "Prix": "25,35 EUR",
    "Prix à l'unité de mesure": "5,28 EUR / kg",
    "Prix à la portion": "0,16 EUR / Portion",
    "DLC garantie au client": "30 jour(s)"
  },
  {
    "Rayon": "Pains Viennoiserie Pâtes",
    "Libellé produit": "Mini pain au chocolat. beurre fin - pret à cuire",
    "Marque": "TG QUALITY",
    "Code Produit": "300738",
    "Température": "Surgele",
    "Conditionnement": "Portion de 25 g. Colis de 160 portions.",
    "Unité de commande": "colis",
    "Prix": "23,74 EUR",
    "Prix à l'unité de mesure": "5,94 EUR / kg",
    "Prix à la portion": "0,15 EUR / Portion",
    "DLC garantie au client": "30 jour(s)"
  },
  {
    "Rayon": "Équipement Hygiène",
    "Libellé produit": "Serviettes 30 x 30 cm ouate. 2 plis. blanche",
    "Marque": "TG QUALITY",
    "Code Produit": "300739",
    "Température": "Ambiant",
    "Conditionnement": "Colis de 16 paquets. Paquet de 200 portions.",
    "Unité de commande": "colis",
    "Prix": "48,91 EUR",
    "Prix à l'unité de mesure": "",
    "Prix à la portion": "3,06 EUR / paquet",
    "DLC garantie au client": ""
  },
  {
    "Rayon": "Pains Viennoiserie Pâtes",
    "Libellé produit": "Mini croissant prêt à cuire",
    "Marque": "TG QUALITY",
    "Code Produit": "300754",
    "Température": "Surgele",
    "Conditionnement": "Portion de 25 g. Colis de 160 portions.",
    "Unité de commande": "colis",
    "Prix": "26,13 EUR",
    "Prix à l'unité de mesure": "6,53 EUR / kg",
    "Prix à la portion": "0,16 EUR / Portion",
    "DLC garantie au client": "30 jour(s)"
  },
  {
    "Rayon": "Accompagnements Assaisonnement",
    "Libellé produit": "Pesto verde",
    "Marque": "TG QUALITY",
    "Code Produit": "300759",
    "Température": "Ambiant",
    "Conditionnement": "Par pot de 470 g. Colis de 6 pots.",
    "Unité de commande": "pot",
    "Prix": "4,96 EUR",
    "Prix à l'unité de mesure": "10,55 EUR / kg",
    "Prix à la portion": "29,74 EUR / colis",
    "DLC garantie au client": "30 jour(s)"
  },
  {
    "Rayon": "Accompagnements Assaisonnement",
    "Libellé produit": "Ail coupé",
    "Marque": "TG QUALITY",
    "Code Produit": "300760",
    "Température": "Surgele",
    "Conditionnement": "Par sachet de 1 kg. Colis de 5 sachets.",
    "Unité de commande": "sachet",
    "Prix": "4,77 EUR",
    "Prix à l'unité de mesure": "4,77 EUR / kg",
    "Prix à la portion": "23,84 EUR / colis",
    "DLC garantie au client": "30 jour(s)"
  },
  {
    "Rayon": "Accompagnements Assaisonnement",
    "Libellé produit": "Echalote cubes",
    "Marque": "TG QUALITY",
    "Code Produit": "300761",
    "Température": "Surgele",
    "Conditionnement": "Par sachet de 1 kg. Colis de 5 sachets.",
    "Unité de commande": "sachet",
    "Prix": "3,89 EUR",
    "Prix à l'unité de mesure": "3,89 EUR / kg",
    "Prix à la portion": "19,47 EUR / colis",
    "DLC garantie au client": "30 jour(s)"
  },
  {
    "Rayon": "Accompagnements Assaisonnement",
    "Libellé produit": "Olive verte dénoyautée. calibre 30/33",
    "Marque": "TG ECONOMY",
    "Code Produit": "300764",
    "Température": "Ambiant",
    "Conditionnement": "Par boite 4/4 de 830 g. Colis de 6 boites 4/4.",
    "Unité de commande": "boite 4/4",
    "Prix": "3,65 EUR",
    "Prix à l'unité de mesure": "4,40 EUR / kg",
    "Prix à la portion": "21,90 EUR / colis",
    "DLC garantie au client": "30 jour(s)"
  },
  {
    "Rayon": "Accompagnements Assaisonnement",
    "Libellé produit": "olive noire confite dénoyautée. Calibre 30/33",
    "Marque": "TG ECONOMY",
    "Code Produit": "300765",
    "Température": "Ambiant",
    "Conditionnement": "Par boite 4/4 de 830 g. Colis de 6 boites 4/4.",
    "Unité de commande": "boite 4/4",
    "Prix": "3,70 EUR",
    "Prix à l'unité de mesure": "4,46 EUR / kg",
    "Prix à la portion": "22,20 EUR / colis",
    "DLC garantie au client": "30 jour(s)"
  },
  {
    "Rayon": "Crèmerie Œufs Fromages",
    "Libellé produit": "Buche de chèvre 23% m.g.",
    "Marque": "TG QUALITY",
    "Code Produit": "300773",
    "Température": "Frais",
    "Conditionnement": "Pièce de 1 kg. Colis de 2 pièces.",
    "Unité de commande": "colis",
    "Prix": "23,34 EUR",
    "Prix à l'unité de mesure": "11,67 EUR / kg",
    "Prix à la portion": "11,67 EUR / pièce",
    "DLC garantie au client": "7 jour(s)"
  },
  {
    "Rayon": "Accompagnements Assaisonnement",
    "Libellé produit": "Poivre dosette",
    "Marque": "TG ECONOMY",
    "Code Produit": "300779",
    "Température": "Ambiant",
    "Conditionnement": "Portion de 0.14 g. Colis de 2000 portions.",
    "Unité de commande": "colis",
    "Prix": "12,21 EUR",
    "Prix à l'unité de mesure": "43,60 EUR / kg",
    "Prix à la portion": "0,01 EUR / Portion",
    "DLC garantie au client": "30 jour(s)"
  },
  {
    "Rayon": "Crèmerie Œufs Fromages",
    "Libellé produit": "Beurre doux 82% m.g.",
    "Marque": "TG QUALITY",
    "Code Produit": "300782",
    "Température": "Frais",
    "Conditionnement": "Par plaque de 250 g. Colis de 40 plaques.",
    "Unité de commande": "plaque",
    "Prix": "2,52 EUR",
    "Prix à l'unité de mesure": "10,06 EUR / kg",
    "Prix à la portion": "100,60 EUR / colis",
    "DLC garantie au client": "7 jour(s)"
  },
  {
    "Rayon": "Fruits et Légumes",
    "Libellé produit": "Ananas Costa Rica B9. catégorie 1",
    "Marque": "TG ORIGINE",
    "Code Produit": "300792",
    "Température": "Frais",
    "Conditionnement": "Par pièce de 1.28 kg. Colis de 9 pièces.",
    "Unité de commande": "pièce",
    "Prix": "1,73 EUR",
    "Prix à l'unité de mesure": "1,35 EUR / kg",
    "Prix à la portion": "15,59 EUR / colis",
    "DLC garantie au client": ""
  },
  {
    "Rayon": "Épicerie",
    "Libellé produit": "Oreillon abricot",
    "Marque": "LEGAVE",
    "Code Produit": "300852",
    "Température": "Surgele",
    "Conditionnement": "Par sachet de 1 kg. Colis de 5 sachets.",
    "Unité de commande": "sachet",
    "Prix": "3,45 EUR",
    "Prix à l'unité de mesure": "3,45 EUR / kg",
    "Prix à la portion": "17,24 EUR / colis",
    "DLC garantie au client": "30 jour(s)"
  },
  {
    "Rayon": "Charcuterie Traiteur",
    "Libellé produit": "Saucisse de Francfort. boyau collagène. pièce de 50 g",
    "Marque": "TG QUALITY",
    "Code Produit": "300854",
    "Température": "Frais",
    "Conditionnement": "Portion de 50 g. Sachet de 20 portions.",
    "Unité de commande": "sachet",
    "Prix": "6,26 EUR",
    "Prix à l'unité de mesure": "6,26 EUR / kg",
    "Prix à la portion": "0,31 EUR / Portion",
    "DLC garantie au client": "7 jour(s)"
  },
  {
    "Rayon": "Accompagnements Assaisonnement",
    "Libellé produit": "huile de tournesol",
    "Marque": "TG ECONOMY",
    "Code Produit": "300862",
    "Température": "Ambiant",
    "Conditionnement": "Par bidon de 5 litre. Colis de 3 bidons.",
    "Unité de commande": "bidon",
    "Prix": "10,07 EUR",
    "Prix à l'unité de mesure": "2,01 EUR / L",
    "Prix à la portion": "30,20 EUR / colis",
    "DLC garantie au client": "30 jour(s)"
  },
  {
    "Rayon": "Poissons Coquillages Crustacés",
    "Libellé produit": "Filet de saumon islande avec. peau sans aretes asc",
    "Marque": "TG ORIGINE",
    "Code Produit": "300882",
    "Température": "Frais",
    "Conditionnement": "Par colis de 2.05 kg.",
    "Unité de commande": "colis",
    "Prix": "54,33 EUR",
    "Prix à l'unité de mesure": "26,50 EUR / kg",
    "Prix à la portion": "",
    "DLC garantie au client": "2 jour(s)"
  },
  {
    "Rayon": "Charcuterie Traiteur",
    "Libellé produit": "Chorizo de porc doux. domaine abotia",
    "Marque": "TG ORIGINE",
    "Code Produit": "300921",
    "Température": "Frais",
    "Conditionnement": "Portion de 350 g. Poche de 4 portions.",
    "Unité de commande": "poche",
    "Prix": "38,35 EUR",
    "Prix à l'unité de mesure": "27,40 EUR / kg",
    "Prix à la portion": "9,59 EUR / Portion",
    "DLC garantie au client": "7 jour(s)"
  },
  {
    "Rayon": "Charcuterie Traiteur",
    "Libellé produit": "Saucisson sec. domaine abotia",
    "Marque": "TG ORIGINE",
    "Code Produit": "300925",
    "Température": "Frais",
    "Conditionnement": "Portion de 280 g. Poche de 5 portions.",
    "Unité de commande": "poche",
    "Prix": "38,52 EUR",
    "Prix à l'unité de mesure": "27,51 EUR / kg",
    "Prix à la portion": "7,70 EUR / Portion",
    "DLC garantie au client": "7 jour(s)"
  },
  {
    "Rayon": "Épicerie",
    "Libellé produit": "Corn flakes nature",
    "Marque": "TG QUALITY",
    "Code Produit": "300964",
    "Température": "Ambiant",
    "Conditionnement": "Par sachet de 1 kg. Colis de 6 sachets.",
    "Unité de commande": "sachet",
    "Prix": "5,56 EUR",
    "Prix à l'unité de mesure": "5,56 EUR / kg",
    "Prix à la portion": "33,34 EUR / colis",
    "DLC garantie au client": "30 jour(s)"
  },
  {
    "Rayon": "Épicerie",
    "Libellé produit": "Pétales de céréales goût. chocolat",
    "Marque": "TG QUALITY",
    "Code Produit": "300965",
    "Température": "Ambiant",
    "Conditionnement": "Par sachet de 1 kg. Colis de 6 sachets.",
    "Unité de commande": "sachet",
    "Prix": "7,12 EUR",
    "Prix à l'unité de mesure": "7,12 EUR / kg",
    "Prix à la portion": "42,73 EUR / colis",
    "DLC garantie au client": "30 jour(s)"
  },
  {
    "Rayon": "Accompagnements Assaisonnement",
    "Libellé produit": "Girolles entières petites",
    "Marque": "TG PREMIUM",
    "Code Produit": "300967",
    "Température": "Surgele",
    "Conditionnement": "Sachet de 1 kg. Colis de 5 sachets.",
    "Unité de commande": "colis",
    "Prix": "85,08 EUR",
    "Prix à l'unité de mesure": "17,02 EUR / kg",
    "Prix à la portion": "17,02 EUR / sachet",
    "DLC garantie au client": "30 jour(s)"
  },
  {
    "Rayon": "Épicerie",
    "Libellé produit": "Cerneau noix arlequin invalide. import ambré",
    "Marque": "LEGAVE",
    "Code Produit": "300971",
    "Température": "Ambiant",
    "Conditionnement": "Par sachet de 1 kg. Colis de 12 sachets.",
    "Unité de commande": "sachet",
    "Prix": "8,86 EUR",
    "Prix à l'unité de mesure": "8,86 EUR / kg",
    "Prix à la portion": "106,37 EUR / colis",
    "DLC garantie au client": "30 jour(s)"
  },
  {
    "Rayon": "Accompagnements Assaisonnement",
    "Libellé produit": "Riz basmati",
    "Marque": "TG QUALITY",
    "Code Produit": "300991",
    "Température": "Ambiant",
    "Conditionnement": "Par sac de 5 kg.",
    "Unité de commande": "sac",
    "Prix": "14,39 EUR",
    "Prix à l'unité de mesure": "2,88 EUR / kg",
    "Prix à la portion": "",
    "DLC garantie au client": "30 jour(s)"
  },
  {
    "Rayon": "Viandes Volailles Gibier",
    "Libellé produit": "Egréné pur boeuf 15% m.g.. ue",
    "Marque": "TG QUALITY",
    "Code Produit": "301013",
    "Température": "Surgele",
    "Conditionnement": "Pièce de 1 kg. Colis de 6 pièces.",
    "Unité de commande": "colis",
    "Prix": "80,24 EUR",
    "Prix à l'unité de mesure": "13,37 EUR / kg",
    "Prix à la portion": "13,37 EUR / pièce",
    "DLC garantie au client": "30 jour(s)"
  },
  {
    "Rayon": "Épicerie",
    "Libellé produit": "Napolitain",
    "Marque": "TG QUALITY",
    "Code Produit": "301023",
    "Température": "Ambiant",
    "Conditionnement": "Portion de 4.7 g. Tubo de 200 portions.",
    "Unité de commande": "tubo",
    "Prix": "24,45 EUR",
    "Prix à l'unité de mesure": "26,02 EUR / kg",
    "Prix à la portion": "0,12 EUR / Portion",
    "DLC garantie au client": "30 jour(s)"
  },
  {
    "Rayon": "Accompagnements Assaisonnement",
    "Libellé produit": "Riz thai parfume",
    "Marque": "TG QUALITY",
    "Code Produit": "301037",
    "Température": "Ambiant",
    "Conditionnement": "Par sac de 5 kg.",
    "Unité de commande": "sac",
    "Prix": "11,77 EUR",
    "Prix à l'unité de mesure": "2,36 EUR / kg",
    "Prix à la portion": "",
    "DLC garantie au client": "30 jour(s)"
  },
  {
    "Rayon": "Épicerie",
    "Libellé produit": "Pistaches entières émondées",
    "Marque": "LEGAVE",
    "Code Produit": "301066",
    "Température": "Ambiant",
    "Conditionnement": "Par sachet de 1 kg. Colis de 10 sachets.",
    "Unité de commande": "sachet",
    "Prix": "41,66 EUR",
    "Prix à l'unité de mesure": "41,66 EUR / kg",
    "Prix à la portion": "416,61 EUR / colis",
    "DLC garantie au client": "30 jour(s)"
  },
  {
    "Rayon": "Épicerie",
    "Libellé produit": "Noix de pecan moitié 1kg",
    "Marque": "LEGAVE",
    "Code Produit": "301068",
    "Température": "Ambiant",
    "Conditionnement": "Par sachet de 1 kg. Colis de 12 sachets.",
    "Unité de commande": "sachet",
    "Prix": "18,07 EUR",
    "Prix à l'unité de mesure": "18,07 EUR / kg",
    "Prix à la portion": "216,82 EUR / colis",
    "DLC garantie au client": "30 jour(s)"
  },
  {
    "Rayon": "Équipement Hygiène",
    "Libellé produit": "Sac à déchets noir 130l. bd ++",
    "Marque": "TG QUALITY",
    "Code Produit": "301083",
    "Température": "Ambiant",
    "Conditionnement": "Colis de 20 rouleaux. Rouleau de 10 portions.",
    "Unité de commande": "colis",
    "Prix": "35,88 EUR",
    "Prix à l'unité de mesure": "",
    "Prix à la portion": "1,79 EUR / rouleau",
    "DLC garantie au client": ""
  },
  {
    "Rayon": "Équipement Hygiène",
    "Libellé produit": "Sac à déchets noir 160l. bd rfc",
    "Marque": "TG QUALITY",
    "Code Produit": "301084",
    "Température": "Ambiant",
    "Conditionnement": "Colis de 10 rouleaux. Rouleau de 10 portions.",
    "Unité de commande": "colis",
    "Prix": "26,18 EUR",
    "Prix à l'unité de mesure": "",
    "Prix à la portion": "2,62 EUR / rouleau",
    "DLC garantie au client": ""
  },
  {
    "Rayon": "Équipement Hygiène",
    "Libellé produit": "Sac à déchets noir 110l. bd rfc",
    "Marque": "TG QUALITY",
    "Code Produit": "301086",
    "Température": "Ambiant",
    "Conditionnement": "Colis de 10 rouleaux. Rouleau de 20 portions.",
    "Unité de commande": "colis",
    "Prix": "26,02 EUR",
    "Prix à l'unité de mesure": "",
    "Prix à la portion": "2,60 EUR / rouleau",
    "DLC garantie au client": ""
  },
  {
    "Rayon": "Équipement Hygiène",
    "Libellé produit": "Lavette bleu. Dim.51x36cm",
    "Marque": "TG QUALITY",
    "Code Produit": "301096",
    "Température": "Ambiant",
    "Conditionnement": "Paquet de 25 portions.",
    "Unité de commande": "paquet",
    "Prix": "6,01 EUR",
    "Prix à l'unité de mesure": "",
    "Prix à la portion": "0,24 EUR / Portion",
    "DLC garantie au client": ""
  },
  {
    "Rayon": "Charcuterie Traiteur",
    "Libellé produit": "Demi jambon de Bayonne IGP 24. mois désossé domaine Abotia",
    "Marque": "TG ORIGINE",
    "Code Produit": "301103",
    "Température": "Frais",
    "Conditionnement": "Par colis de 10 kg.",
    "Unité de commande": "colis",
    "Prix": "315,57 EUR",
    "Prix à l'unité de mesure": "31,56 EUR / kg",
    "Prix à la portion": "",
    "DLC garantie au client": "7 jour(s)"
  },
  {
    "Rayon": "Crèmerie Œufs Fromages",
    "Libellé produit": "Crème liquide UHT 18% M.G.",
    "Marque": "TG ECONOMY",
    "Code Produit": "301109",
    "Température": "Frais",
    "Conditionnement": "Brick de 1 litre. Colis de 12 bricks.",
    "Unité de commande": "colis",
    "Prix": "37,43 EUR",
    "Prix à l'unité de mesure": "3,12 EUR / L",
    "Prix à la portion": "3,12 EUR / brick",
    "DLC garantie au client": "7 jour(s)"
  },
  {
    "Rayon": "Crèmerie Œufs Fromages",
    "Libellé produit": "Crème liquide UHT 30% M.G.",
    "Marque": "TG ECONOMY",
    "Code Produit": "301110",
    "Température": "Frais",
    "Conditionnement": "Brick de 1 litre. Colis de 12 bricks.",
    "Unité de commande": "colis",
    "Prix": "50,18 EUR",
    "Prix à l'unité de mesure": "4,18 EUR / L",
    "Prix à la portion": "4,18 EUR / brick",
    "DLC garantie au client": "7 jour(s)"
  },
  {
    "Rayon": "Crèmerie Œufs Fromages",
    "Libellé produit": "Crème liquide UHT 35% M.G.",
    "Marque": "TG ECONOMY",
    "Code Produit": "301111",
    "Température": "Frais",
    "Conditionnement": "Brick de 1 litre. Colis de 12 bricks.",
    "Unité de commande": "colis",
    "Prix": "52,76 EUR",
    "Prix à l'unité de mesure": "4,40 EUR / L",
    "Prix à la portion": "4,40 EUR / brick",
    "DLC garantie au client": "7 jour(s)"
  },
  {
    "Rayon": "Accompagnements Assaisonnement",
    "Libellé produit": "Vinaigre balsamique modène IGP",
    "Marque": "TG QUALITY",
    "Code Produit": "301116",
    "Température": "Ambiant",
    "Conditionnement": "Par bouteille de 2 litre. Colis de 6 bouteilles.",
    "Unité de commande": "bouteille",
    "Prix": "7,66 EUR",
    "Prix à l'unité de mesure": "3,83 EUR / L",
    "Prix à la portion": "45,95 EUR / colis",
    "DLC garantie au client": "30 jour(s)"
  },
  {
    "Rayon": "Équipement Hygiène",
    "Libellé produit": "Papier cuisson. gn 1/1. dimension 530x325m",
    "Marque": "LEGAVE",
    "Code Produit": "301137",
    "Température": "Ambiant",
    "Conditionnement": "Boite de 500 portions.",
    "Unité de commande": "boite",
    "Prix": "21,61 EUR",
    "Prix à l'unité de mesure": "",
    "Prix à la portion": "0,04 EUR / Portion",
    "DLC garantie au client": ""
  },
  {
    "Rayon": "Charcuterie Traiteur",
    "Libellé produit": "Lomo de porc abotia. au piments d'Espelette. 50 tranches",
    "Marque": "TG ORIGINE",
    "Code Produit": "301142",
    "Température": "Frais",
    "Conditionnement": "Portion de 6.2 g. Barquette de 50 portions.",
    "Unité de commande": "barquette",
    "Prix": "12,65 EUR",
    "Prix à l'unité de mesure": "40,81 EUR / kg",
    "Prix à la portion": "0,25 EUR / Portion",
    "DLC garantie au client": "7 jour(s)"
  },
  {
    "Rayon": "Pâtisserie Biscuiterie Confiserie",
    "Libellé produit": "Graisse pour moule et plaque",
    "Marque": "TG QUALITY",
    "Code Produit": "301149",
    "Température": "Ambiant",
    "Conditionnement": "Par bombe de 600 ml. Colis de 12 bombes.",
    "Unité de commande": "bombe",
    "Prix": "2,39 EUR",
    "Prix à l'unité de mesure": "3,98 EUR / L",
    "Prix à la portion": "28,67 EUR / colis",
    "DLC garantie au client": "30 jour(s)"
  },
  {
    "Rayon": "Crèmerie Œufs Fromages",
    "Libellé produit": "Comté 1/16ème meule 8 mois. d'affinage AOP 34% m.g.",
    "Marque": "TG ORIGINE",
    "Code Produit": "301152",
    "Température": "Frais",
    "Conditionnement": "Par pièce de 2 kg. Colis de 4 pièces.",
    "Unité de commande": "pièce",
    "Prix": "33,60 EUR",
    "Prix à l'unité de mesure": "16,80 EUR / kg",
    "Prix à la portion": "134,38 EUR / colis",
    "DLC garantie au client": "7 jour(s)"
  },
  {
    "Rayon": "Poissons Coquillages Crustacés",
    "Libellé produit": "Huitre marennes d'oléron. numéro 3 igp",
    "Marque": "TG ORIGINE",
    "Code Produit": "301219",
    "Température": "Frais",
    "Conditionnement": "Portion de 83.333 g. Colis de 48 portions.",
    "Unité de commande": "colis",
    "Prix": "33,00 EUR",
    "Prix à l'unité de mesure": "8,25 EUR / kg",
    "Prix à la portion": "0,69 EUR / Portion",
    "DLC garantie au client": ""
  },
  {
    "Rayon": "Épicerie",
    "Libellé produit": "Salade 5 fruits",
    "Marque": "TG QUALITY",
    "Code Produit": "301226",
    "Température": "Frais",
    "Conditionnement": "Par seau de 3 litre.",
    "Unité de commande": "seau",
    "Prix": "15,42 EUR",
    "Prix à l'unité de mesure": "5,14 EUR / L",
    "Prix à la portion": "",
    "DLC garantie au client": "5 jour(s)"
  },
  {
    "Rayon": "Épicerie",
    "Libellé produit": "Segment d'orange",
    "Marque": "TG QUALITY",
    "Code Produit": "301228",
    "Température": "Frais",
    "Conditionnement": "Par seau de 3 litre.",
    "Unité de commande": "seau",
    "Prix": "12,59 EUR",
    "Prix à l'unité de mesure": "4,20 EUR / L",
    "Prix à la portion": "",
    "DLC garantie au client": "5 jour(s)"
  },
  {
    "Rayon": "Épicerie",
    "Libellé produit": "Segment pamplemousse",
    "Marque": "TG QUALITY",
    "Code Produit": "301229",
    "Température": "Frais",
    "Conditionnement": "Par seau de 3 litre.",
    "Unité de commande": "seau",
    "Prix": "12,95 EUR",
    "Prix à l'unité de mesure": "4,32 EUR / L",
    "Prix à la portion": "",
    "DLC garantie au client": "5 jour(s)"
  },
  {
    "Rayon": "Épicerie",
    "Libellé produit": "Salade 6 fruits",
    "Marque": "TG QUALITY",
    "Code Produit": "301230",
    "Température": "Frais",
    "Conditionnement": "Par seau de 3 litre.",
    "Unité de commande": "seau",
    "Prix": "13,01 EUR",
    "Prix à l'unité de mesure": "4,34 EUR / L",
    "Prix à la portion": "",
    "DLC garantie au client": "5 jour(s)"
  },
  {
    "Rayon": "Desserts Glaces",
    "Libellé produit": "Crème glacée vanille de. madagascar",
    "Marque": "SELECTION CABIRON",
    "Code Produit": "301286",
    "Température": "Surgele",
    "Conditionnement": "Par bac de 1.65 kg. Colis de 4 bacs.",
    "Unité de commande": "bac",
    "Prix": "17,74 EUR",
    "Prix à l'unité de mesure": "10,75 EUR / kg",
    "Prix à la portion": "70,94 EUR / colis",
    "DLC garantie au client": "30 jour(s)"
  },
  {
    "Rayon": "Desserts Glaces",
    "Libellé produit": "Crème glacée amarena et coulis. de Griottines de la Maison. Peureux",
    "Marque": "SELECTION CABIRON",
    "Code Produit": "301360",
    "Température": "Surgele",
    "Conditionnement": "Par bac de 1.65 kg. Colis de 4 bacs.",
    "Unité de commande": "bac",
    "Prix": "17,74 EUR",
    "Prix à l'unité de mesure": "10,75 EUR / kg",
    "Prix à la portion": "70,94 EUR / colis",
    "DLC garantie au client": "30 jour(s)"
  },
  {
    "Rayon": "Charcuterie Traiteur",
    "Libellé produit": "Tomate marine confite",
    "Marque": "TG ECONOMY",
    "Code Produit": "301368",
    "Température": "Frais",
    "Conditionnement": "Par barquette de 1 kg. Colis de 4 barquettes.",
    "Unité de commande": "barquette",
    "Prix": "11,13 EUR",
    "Prix à l'unité de mesure": "11,13 EUR / kg",
    "Prix à la portion": "44,53 EUR / colis",
    "DLC garantie au client": "7 jour(s)"
  },
  {
    "Rayon": "Charcuterie Traiteur",
    "Libellé produit": "Rosette. tranche 5 g. 50 tranche",
    "Marque": "TG QUALITY",
    "Code Produit": "301397",
    "Température": "Frais",
    "Conditionnement": "Portion de 5 g. Barquette de 50 portions.",
    "Unité de commande": "barquette",
    "Prix": "3,99 EUR",
    "Prix à l'unité de mesure": "15,96 EUR / kg",
    "Prix à la portion": "0,08 EUR / Portion",
    "DLC garantie au client": "7 jour(s)"
  },
  {
    "Rayon": "Charcuterie Traiteur",
    "Libellé produit": "Rosette en tranche de 10 gr. 50 tranches",
    "Marque": "TG QUALITY",
    "Code Produit": "301398",
    "Température": "Frais",
    "Conditionnement": "Portion de 10 g. Barquette de 50 portions.",
    "Unité de commande": "barquette",
    "Prix": "5,03 EUR",
    "Prix à l'unité de mesure": "10,06 EUR / kg",
    "Prix à la portion": "0,10 EUR / Portion",
    "DLC garantie au client": "7 jour(s)"
  },
  {
    "Rayon": "Accompagnements Assaisonnement",
    "Libellé produit": "Riz long grain bio. Sac de 5 kg",
    "Marque": "TG ORIGINE",
    "Code Produit": "301403",
    "Température": "Ambiant",
    "Conditionnement": "Par sac de 5 kg.",
    "Unité de commande": "sac",
    "Prix": "26,29 EUR",
    "Prix à l'unité de mesure": "5,26 EUR / kg",
    "Prix à la portion": "",
    "DLC garantie au client": "30 jour(s)"
  },
  {
    "Rayon": "Boissons",
    "Libellé produit": "Jus d'orange",
    "Marque": "TG QUALITY",
    "Code Produit": "301409",
    "Température": "Ambiant",
    "Conditionnement": "Brick de 1 litre. Colis de 6 bricks.",
    "Unité de commande": "colis",
    "Prix": "12,21 EUR",
    "Prix à l'unité de mesure": "2,04 EUR / L",
    "Prix à la portion": "2,04 EUR / brick",
    "DLC garantie au client": "30 jour(s)"
  },
  {
    "Rayon": "Pâtisserie Biscuiterie Confiserie",
    "Libellé produit": "Chocolat de couverture. palets 55 %",
    "Marque": "LEGAVE",
    "Code Produit": "301422",
    "Température": "Ambiant",
    "Conditionnement": "Par sac de 5 kg. Colis de 4 sacs.",
    "Unité de commande": "sac",
    "Prix": "65,90 EUR",
    "Prix à l'unité de mesure": "13,18 EUR / kg",
    "Prix à la portion": "263,60 EUR / colis",
    "DLC garantie au client": "30 jour(s)"
  },
  {
    "Rayon": "Pâtisserie Biscuiterie Confiserie",
    "Libellé produit": "Chocolat de couverture extra. bitter noir 65%",
    "Marque": "LEGAVE",
    "Code Produit": "301423",
    "Température": "Ambiant",
    "Conditionnement": "Par sac de 5 kg. Colis de 4 sacs.",
    "Unité de commande": "sac",
    "Prix": "78,74 EUR",
    "Prix à l'unité de mesure": "15,75 EUR / kg",
    "Prix à la portion": "314,95 EUR / colis",
    "DLC garantie au client": "30 jour(s)"
  },
  {
    "Rayon": "Pâtisserie Biscuiterie Confiserie",
    "Libellé produit": "Nappage blond abricot",
    "Marque": "LEGAVE",
    "Code Produit": "301428",
    "Température": "Ambiant",
    "Conditionnement": "Par pot de 1 kg. Colis de 6 pots.",
    "Unité de commande": "pot",
    "Prix": "3,21 EUR",
    "Prix à l'unité de mesure": "3,21 EUR / kg",
    "Prix à la portion": "19,23 EUR / colis",
    "DLC garantie au client": "30 jour(s)"
  },
  {
    "Rayon": "Équipement Hygiène",
    "Libellé produit": "Film alimentaire boîte. distributrice 300x0.45m. avec règlette de découpe à",
    "Marque": "TG QUALITY",
    "Code Produit": "301452",
    "Température": "Ambiant",
    "Conditionnement": "Colis de 6 boites.",
    "Unité de commande": "boite",
    "Prix": "8,92 EUR",
    "Prix à l'unité de mesure": "",
    "Prix à la portion": "53,54 EUR / colis",
    "DLC garantie au client": ""
  },
  {
    "Rayon": "Équipement Hygiène",
    "Libellé produit": "Film alimentaire boîte. distributrice 300x0.30m. avec règlette de découpe à",
    "Marque": "TG QUALITY",
    "Code Produit": "301453",
    "Température": "Ambiant",
    "Conditionnement": "Colis de 6 boites.",
    "Unité de commande": "boite",
    "Prix": "5,86 EUR",
    "Prix à l'unité de mesure": "",
    "Prix à la portion": "35,17 EUR / colis",
    "DLC garantie au client": ""
  },
  {
    "Rayon": "Accompagnements Assaisonnement",
    "Libellé produit": "Pois chiche",
    "Marque": "TG ECONOMY",
    "Code Produit": "301464",
    "Température": "Ambiant",
    "Conditionnement": "Par boite 4/4 de 800 g. Colis de 12 boites 4/4.",
    "Unité de commande": "boite 4/4",
    "Prix": "1,54 EUR",
    "Prix à l'unité de mesure": "1,93 EUR / kg",
    "Prix à la portion": "18,49 EUR / colis",
    "DLC garantie au client": "60 jour(s)"
  },
  {
    "Rayon": "Épicerie",
    "Libellé produit": "Sucre buchette",
    "Marque": "TG QUALITY",
    "Code Produit": "301491",
    "Température": "Ambiant",
    "Conditionnement": "Portion de 4 g. Colis de 750 portions.",
    "Unité de commande": "colis",
    "Prix": "7,88 EUR",
    "Prix à l'unité de mesure": "2,63 EUR / kg",
    "Prix à la portion": "0,01 EUR / Portion",
    "DLC garantie au client": ""
  },
  {
    "Rayon": "Accompagnements Assaisonnement",
    "Libellé produit": "Frites pré-frites. bi-température huile tournesol. calibre 9/9",
    "Marque": "TG QUALITY",
    "Code Produit": "301492",
    "Température": "Surgele",
    "Conditionnement": "Sachet de 2.5 kg. Colis de 4 sachets.",
    "Unité de commande": "colis",
    "Prix": "16,98 EUR",
    "Prix à l'unité de mesure": "1,70 EUR / kg",
    "Prix à la portion": "4,25 EUR / sachet",
    "DLC garantie au client": "30 jour(s)"
  },
  {
    "Rayon": "Accompagnements Assaisonnement",
    "Libellé produit": "Frites préfrites. bi-température. calibre 6/6",
    "Marque": "TG QUALITY",
    "Code Produit": "301493",
    "Température": "Surgele",
    "Conditionnement": "Sachet de 2.5 kg. Colis de 4 sachets.",
    "Unité de commande": "colis",
    "Prix": "18,43 EUR",
    "Prix à l'unité de mesure": "1,84 EUR / kg",
    "Prix à la portion": "4,61 EUR / sachet",
    "DLC garantie au client": "30 jour(s)"
  },
  {
    "Rayon": "Accompagnements Assaisonnement",
    "Libellé produit": "Frites pré-frites steakhouse",
    "Marque": "TG QUALITY",
    "Code Produit": "301496",
    "Température": "Surgele",
    "Conditionnement": "Par sachet de 2.5 kg. Colis de 4 sachets.",
    "Unité de commande": "sachet",
    "Prix": "4,35 EUR",
    "Prix à l'unité de mesure": "1,74 EUR / kg",
    "Prix à la portion": "17,40 EUR / colis",
    "DLC garantie au client": "30 jour(s)"
  },
  {
    "Rayon": "Accompagnements Assaisonnement",
    "Libellé produit": "Fleur de sel de Guerande IGP",
    "Marque": "TG ORIGINE",
    "Code Produit": "301511",
    "Température": "Ambiant",
    "Conditionnement": "Par boite de 850 g. Colis de 6 boites.",
    "Unité de commande": "boite",
    "Prix": "12,16 EUR",
    "Prix à l'unité de mesure": "14,31 EUR / kg",
    "Prix à la portion": "72,98 EUR / colis",
    "DLC garantie au client": "30 jour(s)"
  },
  {
    "Rayon": "Desserts Glaces",
    "Libellé produit": "Crème glacée au chocolat de. Tanzanie et copeaux chocolat",
    "Marque": "SELECTION CABIRON",
    "Code Produit": "301525",
    "Température": "Surgele",
    "Conditionnement": "Par bac de 1.65 kg. Colis de 4 bacs.",
    "Unité de commande": "bac",
    "Prix": "17,56 EUR",
    "Prix à l'unité de mesure": "10,64 EUR / kg",
    "Prix à la portion": "70,23 EUR / colis",
    "DLC garantie au client": "30 jour(s)"
  },
  {
    "Rayon": "Pâtisserie Biscuiterie Confiserie",
    "Libellé produit": "Gélatine or 200 bloom. 500 feuilles",
    "Marque": "LEGAVE",
    "Code Produit": "301606",
    "Température": "Ambiant",
    "Conditionnement": "Par paquet de 1 kg. Colis de 10 paquets.",
    "Unité de commande": "paquet",
    "Prix": "31,93 EUR",
    "Prix à l'unité de mesure": "31,93 EUR / kg",
    "Prix à la portion": "319,34 EUR / colis",
    "DLC garantie au client": "30 jour(s)"
  },
  {
    "Rayon": "Pâtisserie Biscuiterie Confiserie",
    "Libellé produit": "Gousse de vanille bourbon. de Madagascar",
    "Marque": "TG QUALITY",
    "Code Produit": "301609",
    "Température": "Ambiant",
    "Conditionnement": "Par boite de 90 g. Colis de 6 boites.",
    "Unité de commande": "boite",
    "Prix": "41,08 EUR",
    "Prix à l'unité de mesure": "456,43 EUR / kg",
    "Prix à la portion": "246,47 EUR / colis",
    "DLC garantie au client": "30 jour(s)"
  },
  {
    "Rayon": "Pâtisserie Biscuiterie Confiserie",
    "Libellé produit": "Extrait de vanille",
    "Marque": "LEGAVE",
    "Code Produit": "301613",
    "Température": "Ambiant",
    "Conditionnement": "Par bouteille de 1 litre. Colis de 6 bouteilles.",
    "Unité de commande": "bouteille",
    "Prix": "43,64 EUR",
    "Prix à l'unité de mesure": "43,64 EUR / L",
    "Prix à la portion": "261,82 EUR / colis",
    "DLC garantie au client": "30 jour(s)"
  },
  {
    "Rayon": "Accompagnements Assaisonnement",
    "Libellé produit": "Couscous moyen",
    "Marque": "TG QUALITY",
    "Code Produit": "301649",
    "Température": "Ambiant",
    "Conditionnement": "Par sac de 5 kg.",
    "Unité de commande": "sac",
    "Prix": "8,19 EUR",
    "Prix à l'unité de mesure": "1,64 EUR / kg",
    "Prix à la portion": "",
    "DLC garantie au client": "30 jour(s)"
  },
  {
    "Rayon": "Accompagnements Assaisonnement",
    "Libellé produit": "Cornichon mi-fin calibre 60/79",
    "Marque": "TG QUALITY",
    "Code Produit": "301657",
    "Température": "Ambiant",
    "Conditionnement": "Par boite 5/1 de 4.2 kg. Colis de 3 boites 5/1.",
    "Unité de commande": "boite 5/1",
    "Prix": "6,93 EUR",
    "Prix à l'unité de mesure": "1,65 EUR / kg",
    "Prix à la portion": "20,78 EUR / colis",
    "DLC garantie au client": "30 jour(s)"
  },
  {
    "Rayon": "Épicerie",
    "Libellé produit": "Cacahuetes grillées et salées",
    "Marque": "TG QUALITY",
    "Code Produit": "301661",
    "Température": "Ambiant",
    "Conditionnement": "Par paquet de 1.5 kg. Colis de 6 paquets.",
    "Unité de commande": "paquet",
    "Prix": "7,29 EUR",
    "Prix à l'unité de mesure": "4,86 EUR / kg",
    "Prix à la portion": "43,72 EUR / colis",
    "DLC garantie au client": "30 jour(s)"
  },
  {
    "Rayon": "Crèmerie Œufs Fromages",
    "Libellé produit": "Oeuf frais vrac catégorie 0. bio",
    "Marque": "TG NATURA",
    "Code Produit": "301712",
    "Température": "Frais",
    "Conditionnement": "Boite de 318 g. Colis de 16 boites. Boite de 6 portions.",
    "Unité de commande": "colis",
    "Prix": "41,04 EUR",
    "Prix à l'unité de mesure": "8,07 EUR / kg",
    "Prix à la portion": "2,57 EUR / boite",
    "DLC garantie au client": "7 jour(s)"
  },
  {
    "Rayon": "Crèmerie Œufs Fromages",
    "Libellé produit": "Lait demi écrémé uht bio",
    "Marque": "TG NATURA",
    "Code Produit": "301716",
    "Température": "Frais",
    "Conditionnement": "Brick de 1 litre. Colis de 6 bricks.",
    "Unité de commande": "colis",
    "Prix": "9,64 EUR",
    "Prix à l'unité de mesure": "1,61 EUR / L",
    "Prix à la portion": "1,61 EUR / brick",
    "DLC garantie au client": "7 jour(s)"
  },
  {
    "Rayon": "Fruits et Légumes",
    "Libellé produit": "Banane moyenne P20 bio. catégorie 2",
    "Marque": "TG NATURA",
    "Code Produit": "301744",
    "Température": "Frais",
    "Conditionnement": "Portion de 168.182 g. Colis de 110 portions.",
    "Unité de commande": "colis",
    "Prix": "32,62 EUR",
    "Prix à l'unité de mesure": "1,76 EUR / kg",
    "Prix à la portion": "0,30 EUR / Portion",
    "DLC garantie au client": ""
  },
  {
    "Rayon": "Fruits et Légumes",
    "Libellé produit": "Tomate ronde 47/57 bio. catégorie 2",
    "Marque": "TG NATURA",
    "Code Produit": "301762",
    "Température": "Frais",
    "Conditionnement": "Par colis de 6 kg.",
    "Unité de commande": "colis",
    "Prix": "18,64 EUR",
    "Prix à l'unité de mesure": "3,11 EUR / kg",
    "Prix à la portion": "",
    "DLC garantie au client": ""
  },
  {
    "Rayon": "Fruits et Légumes",
    "Libellé produit": "Concombre 3/4 bio. catégorie 2",
    "Marque": "TG NATURA",
    "Code Produit": "301774",
    "Température": "Frais",
    "Conditionnement": "Portion de 350 g. Colis de 12 portions.",
    "Unité de commande": "colis",
    "Prix": "19,63 EUR",
    "Prix à l'unité de mesure": "4,67 EUR / kg",
    "Prix à la portion": "1,64 EUR / Portion",
    "DLC garantie au client": ""
  },
  {
    "Rayon": "Fruits et Légumes",
    "Libellé produit": "Poire Guyot 55/60 bio. catégorie 2. France",
    "Marque": "TG NATURA",
    "Code Produit": "301787",
    "Température": "Frais",
    "Conditionnement": "Par colis de 13 kg.",
    "Unité de commande": "colis",
    "Prix": "29,28 EUR",
    "Prix à l'unité de mesure": "2,25 EUR / kg",
    "Prix à la portion": "",
    "DLC garantie au client": "7 jour(s)"
  },
  {
    "Rayon": "Épicerie",
    "Libellé produit": "Muesli aux fruits rouges bio",
    "Marque": "TG NATURA",
    "Code Produit": "301835",
    "Température": "Ambiant",
    "Conditionnement": "Par sachet de 2 kg. Colis de 6 sachets.",
    "Unité de commande": "sachet",
    "Prix": "15,51 EUR",
    "Prix à l'unité de mesure": "7,76 EUR / kg",
    "Prix à la portion": "93,07 EUR / colis",
    "DLC garantie au client": "30 jour(s)"
  },
  {
    "Rayon": "Accompagnements Assaisonnement",
    "Libellé produit": "Quinoa rouge bio",
    "Marque": "TG NATURA",
    "Code Produit": "301907",
    "Température": "Ambiant",
    "Conditionnement": "Par sachet de 1 kg. Colis de 10 sachets.",
    "Unité de commande": "sachet",
    "Prix": "5,17 EUR",
    "Prix à l'unité de mesure": "5,17 EUR / kg",
    "Prix à la portion": "51,73 EUR / colis",
    "DLC garantie au client": "30 jour(s)"
  },
  {
    "Rayon": "Charcuterie Traiteur",
    "Libellé produit": "Mais doux superweet sous vide",
    "Marque": "TG QUALITY",
    "Code Produit": "301921",
    "Température": "Ambiant",
    "Conditionnement": "Par boite 4/4 de 670 g. Colis de 12 boites 4/4.",
    "Unité de commande": "boite 4/4",
    "Prix": "1,70 EUR",
    "Prix à l'unité de mesure": "2,54 EUR / kg",
    "Prix à la portion": "20,41 EUR / colis",
    "DLC garantie au client": "30 jour(s)"
  },
  {
    "Rayon": "Équipement Hygiène",
    "Libellé produit": "Cuillère en bois 15.5 cm",
    "Marque": "TG QUALITY",
    "Code Produit": "302097",
    "Température": "Ambiant",
    "Conditionnement": "Sachet de 100 portions.",
    "Unité de commande": "sachet",
    "Prix": "2,32 EUR",
    "Prix à l'unité de mesure": "",
    "Prix à la portion": "0,02 EUR / Portion",
    "DLC garantie au client": ""
  },
  {
    "Rayon": "Fruits et Légumes",
    "Libellé produit": "Laitue. catégorie 1. France",
    "Marque": "STKFL",
    "Code Produit": "302114",
    "Température": "Frais",
    "Conditionnement": "Pièce de 350 g. Colis de 6 pièces.",
    "Unité de commande": "colis",
    "Prix": "6,68 EUR",
    "Prix à l'unité de mesure": "3,18 EUR / kg",
    "Prix à la portion": "1,11 EUR / pièce",
    "DLC garantie au client": ""
  },
  {
    "Rayon": "Fruits et Légumes",
    "Libellé produit": "Pommes Golden 136/165. catégorie 1. France",
    "Marque": "STKFL",
    "Code Produit": "302123",
    "Température": "Frais",
    "Conditionnement": "Par sachet de 2 kg.",
    "Unité de commande": "sachet",
    "Prix": "3,15 EUR",
    "Prix à l'unité de mesure": "1,57 EUR / kg",
    "Prix à la portion": "",
    "DLC garantie au client": ""
  },
  {
    "Rayon": "Crèmerie Œufs Fromages",
    "Libellé produit": "Yaourt fermier nature bio",
    "Marque": "TG ORIGINE",
    "Code Produit": "302124",
    "Température": "Frais",
    "Conditionnement": "Portion de 125 g. Colis de 24 portions.",
    "Unité de commande": "colis",
    "Prix": "14,17 EUR",
    "Prix à l'unité de mesure": "4,72 EUR / kg",
    "Prix à la portion": "0,59 EUR / Portion",
    "DLC garantie au client": "7 jour(s)"
  },
  {
    "Rayon": "Fruits et Légumes",
    "Libellé produit": "Carotte 20/50 bio. catégorie 2. France",
    "Marque": "TG NATURA",
    "Code Produit": "302160",
    "Température": "Frais",
    "Conditionnement": "Par colis de 12 kg.",
    "Unité de commande": "colis",
    "Prix": "15,62 EUR",
    "Prix à l'unité de mesure": "1,30 EUR / kg",
    "Prix à la portion": "",
    "DLC garantie au client": ""
  },
  {
    "Rayon": "Fruits et Légumes",
    "Libellé produit": "Carotte 20/40 bio. catégorie 2. France",
    "Marque": "TG NATURA",
    "Code Produit": "302161",
    "Température": "Frais",
    "Conditionnement": "Par colis de 5 kg.",
    "Unité de commande": "colis",
    "Prix": "11,60 EUR",
    "Prix à l'unité de mesure": "2,32 EUR / kg",
    "Prix à la portion": "",
    "DLC garantie au client": ""
  },
  {
    "Rayon": "Accompagnements Assaisonnement",
    "Libellé produit": "Lait de coco",
    "Marque": "TG QUALITY",
    "Code Produit": "302189",
    "Température": "Ambiant",
    "Conditionnement": "Par brick de 1 litre. Colis de 12 bricks.",
    "Unité de commande": "brick",
    "Prix": "2,52 EUR",
    "Prix à l'unité de mesure": "2,52 EUR / L",
    "Prix à la portion": "30,18 EUR / colis",
    "DLC garantie au client": "30 jour(s)"
  },
  {
    "Rayon": "Pâtisserie Biscuiterie Confiserie",
    "Libellé produit": "Sucre poudre",
    "Marque": "TG QUALITY",
    "Code Produit": "302223",
    "Température": "Ambiant",
    "Conditionnement": "Par sachet de 1 kg. Colis de 10 sachets.",
    "Unité de commande": "sachet",
    "Prix": "1,18 EUR",
    "Prix à l'unité de mesure": "1,18 EUR / kg",
    "Prix à la portion": "11,77 EUR / colis",
    "DLC garantie au client": ""
  },
  {
    "Rayon": "Épicerie",
    "Libellé produit": "Sucre blanc morceaux N4",
    "Marque": "TG QUALITY",
    "Code Produit": "302224",
    "Température": "Ambiant",
    "Conditionnement": "Par boite de 1 kg. Colis de 5 boites.",
    "Unité de commande": "boite",
    "Prix": "1,16 EUR",
    "Prix à l'unité de mesure": "1,16 EUR / kg",
    "Prix à la portion": "5,80 EUR / colis",
    "DLC garantie au client": ""
  },
  {
    "Rayon": "Fruits et Légumes",
    "Libellé produit": "Pommes story 115/135 bio. catégorie 2. France",
    "Marque": "TG NATURA",
    "Code Produit": "302265",
    "Température": "Frais",
    "Conditionnement": "Portion de 125 g. Colis de 104 portions.",
    "Unité de commande": "colis",
    "Prix": "27,51 EUR",
    "Prix à l'unité de mesure": "2,12 EUR / kg",
    "Prix à la portion": "0,26 EUR / Portion",
    "DLC garantie au client": ""
  },
  {
    "Rayon": "Fruits et Légumes",
    "Libellé produit": "Pommes story 170/200 bio. catégorie 2. France",
    "Marque": "TG NATURA",
    "Code Produit": "302268",
    "Température": "Frais",
    "Conditionnement": "Portion de 200 g. Colis de 20 portions.",
    "Unité de commande": "colis",
    "Prix": "12,26 EUR",
    "Prix à l'unité de mesure": "3,07 EUR / kg",
    "Prix à la portion": "0,61 EUR / Portion",
    "DLC garantie au client": ""
  },
  {
    "Rayon": "Crèmerie Œufs Fromages",
    "Libellé produit": "Crème liquide légère uht 18%. m.g.",
    "Marque": "TG QUALITY",
    "Code Produit": "302286",
    "Température": "Frais",
    "Conditionnement": "Brick de 1 litre. Colis de 6 bricks.",
    "Unité de commande": "colis",
    "Prix": "17,86 EUR",
    "Prix à l'unité de mesure": "2,98 EUR / L",
    "Prix à la portion": "2,98 EUR / brick",
    "DLC garantie au client": "7 jour(s)"
  },
  {
    "Rayon": "Crèmerie Œufs Fromages",
    "Libellé produit": "Crème liquide uht 30% m.g.",
    "Marque": "TG QUALITY",
    "Code Produit": "302287",
    "Température": "Frais",
    "Conditionnement": "Brick de 1 litre. Colis de 6 bricks.",
    "Unité de commande": "colis",
    "Prix": "22,99 EUR",
    "Prix à l'unité de mesure": "3,83 EUR / L",
    "Prix à la portion": "3,83 EUR / brick",
    "DLC garantie au client": "7 jour(s)"
  },
  {
    "Rayon": "Crèmerie Œufs Fromages",
    "Libellé produit": "Crème liquide uht 35% m.g.",
    "Marque": "TG QUALITY",
    "Code Produit": "302288",
    "Température": "Frais",
    "Conditionnement": "Brick de 1 litre. Colis de 6 bricks.",
    "Unité de commande": "colis",
    "Prix": "25,04 EUR",
    "Prix à l'unité de mesure": "4,17 EUR / L",
    "Prix à la portion": "4,17 EUR / brick",
    "DLC garantie au client": "7 jour(s)"
  },
  {
    "Rayon": "Fruits et Légumes",
    "Libellé produit": "Banane détachées p19 bio. catégorie 2",
    "Marque": "TG NATURA",
    "Code Produit": "302311",
    "Température": "Frais",
    "Conditionnement": "Pièce de 130 g. Colis de 50 pièces.",
    "Unité de commande": "colis",
    "Prix": "14,10 EUR",
    "Prix à l'unité de mesure": "2,17 EUR / kg",
    "Prix à la portion": "0,28 EUR / pièce",
    "DLC garantie au client": ""
  },
  {
    "Rayon": "Fruits et Légumes",
    "Libellé produit": "Banane moyenne p14 bio. catégorie 2",
    "Marque": "TG NATURA",
    "Code Produit": "302330",
    "Température": "Frais",
    "Conditionnement": "Portion de 132.143 g. Colis de 140 portions.",
    "Unité de commande": "colis",
    "Prix": "32,12 EUR",
    "Prix à l'unité de mesure": "1,74 EUR / kg",
    "Prix à la portion": "0,23 EUR / Portion",
    "DLC garantie au client": ""
  },
  {
    "Rayon": "Épicerie",
    "Libellé produit": "Fraise équetée",
    "Marque": "LEGAVE",
    "Code Produit": "302351",
    "Température": "Surgele",
    "Conditionnement": "Par sachet de 1 kg. Colis de 5 sachets.",
    "Unité de commande": "sachet",
    "Prix": "3,59 EUR",
    "Prix à l'unité de mesure": "3,59 EUR / kg",
    "Prix à la portion": "17,94 EUR / colis",
    "DLC garantie au client": "30 jour(s)"
  },
  {
    "Rayon": "Charcuterie Traiteur",
    "Libellé produit": "Chorizo 100% ibérique bellota. culard tranché",
    "Marque": "NAVALPEDROCHE",
    "Code Produit": "302519",
    "Température": "Frais",
    "Conditionnement": "Par pièce de 100 g. Colis de 10 pièces.",
    "Unité de commande": "pièce",
    "Prix": "3,75 EUR",
    "Prix à l'unité de mesure": "37,53 EUR / kg",
    "Prix à la portion": "37,53 EUR / colis",
    "DLC garantie au client": "7 jour(s)"
  },
  {
    "Rayon": "Charcuterie Traiteur",
    "Libellé produit": "Jambon 100% ibérique bellota. 36-48 mois d'affinage pata. negra étiquette noire",
    "Marque": "NAVALPEDROCHE",
    "Code Produit": "302520",
    "Température": "Frais",
    "Conditionnement": "Par pièce de 100 g. Colis de 10 pièces.",
    "Unité de commande": "pièce",
    "Prix": "13,45 EUR",
    "Prix à l'unité de mesure": "134,52 EUR / kg",
    "Prix à la portion": "134,52 EUR / colis",
    "DLC garantie au client": "7 jour(s)"
  },
  {
    "Rayon": "Charcuterie Traiteur",
    "Libellé produit": "Lomo 100% ibérique bellota",
    "Marque": "NAVALPEDROCHE",
    "Code Produit": "302521",
    "Température": "Frais",
    "Conditionnement": "Par pièce de 100 g. Colis de 10 pièces.",
    "Unité de commande": "pièce",
    "Prix": "6,43 EUR",
    "Prix à l'unité de mesure": "64,31 EUR / kg",
    "Prix à la portion": "64,31 EUR / colis",
    "DLC garantie au client": "7 jour(s)"
  },
  {
    "Rayon": "Crèmerie Œufs Fromages",
    "Libellé produit": "Kiri",
    "Marque": "BEL",
    "Code Produit": "302545",
    "Température": "Frais",
    "Conditionnement": "Portion de 18 g. Coffret de 80 portions.",
    "Unité de commande": "coffret",
    "Prix": "26,90 EUR",
    "Prix à l'unité de mesure": "18,68 EUR / kg",
    "Prix à la portion": "0,34 EUR / Portion",
    "DLC garantie au client": "7 jour(s)"
  },
  {
    "Rayon": "Fruits et Légumes",
    "Libellé produit": "Concombre rondelle avec peau",
    "Marque": "ROSEE DES CHAMPS",
    "Code Produit": "310000",
    "Température": "Frais",
    "Conditionnement": "Par barquette de 1 kg. Colis de 8 barquettes.",
    "Unité de commande": "barquette",
    "Prix": "4,14 EUR",
    "Prix à l'unité de mesure": "4,14 EUR / kg",
    "Prix à la portion": "33,10 EUR / colis",
    "DLC garantie au client": "4 jour(s)"
  },
  {
    "Rayon": "Fruits et Légumes",
    "Libellé produit": "Persil haché",
    "Marque": "ROSEE DES CHAMPS",
    "Code Produit": "310003",
    "Température": "Frais",
    "Conditionnement": "Par sachet de 125 g. Colis de 16 sachets.",
    "Unité de commande": "sachet",
    "Prix": "1,33 EUR",
    "Prix à l'unité de mesure": "10,62 EUR / kg",
    "Prix à la portion": "21,25 EUR / colis",
    "DLC garantie au client": "4 jour(s)"
  },
  {
    "Rayon": "Fruits et Légumes",
    "Libellé produit": "Radis rond équeuté",
    "Marque": "ROSEE DES CHAMPS",
    "Code Produit": "310005",
    "Température": "Frais",
    "Conditionnement": "Par sachet de 1 kg. Colis de 8 sachets.",
    "Unité de commande": "sachet",
    "Prix": "4,63 EUR",
    "Prix à l'unité de mesure": "4,63 EUR / kg",
    "Prix à la portion": "37,01 EUR / colis",
    "DLC garantie au client": "4 jour(s)"
  },
  {
    "Rayon": "Fruits et Légumes",
    "Libellé produit": "Mesclun jeune pousse",
    "Marque": "ROSEE DES CHAMPS",
    "Code Produit": "310008",
    "Température": "Frais",
    "Conditionnement": "Par sachet de 250 g. Colis de 8 sachets.",
    "Unité de commande": "sachet",
    "Prix": "2,32 EUR",
    "Prix à l'unité de mesure": "9,28 EUR / kg",
    "Prix à la portion": "18,56 EUR / colis",
    "DLC garantie au client": "4 jour(s)"
  },
  {
    "Rayon": "Fruits et Légumes",
    "Libellé produit": "Chou blanc émincé",
    "Marque": "ROSEE DES CHAMPS",
    "Code Produit": "310012",
    "Température": "Frais",
    "Conditionnement": "Par sachet de 1 kg. Colis de 8 sachets.",
    "Unité de commande": "sachet",
    "Prix": "2,56 EUR",
    "Prix à l'unité de mesure": "2,56 EUR / kg",
    "Prix à la portion": "20,51 EUR / colis",
    "DLC garantie au client": "4 jour(s)"
  },
  {
    "Rayon": "Fruits et Légumes",
    "Libellé produit": "Batavia feuille",
    "Marque": "ROSEE DES CHAMPS",
    "Code Produit": "310022",
    "Température": "Frais",
    "Conditionnement": "Par sachet de 1 kg. Colis de 2 sachets.",
    "Unité de commande": "sachet",
    "Prix": "5,35 EUR",
    "Prix à l'unité de mesure": "5,35 EUR / kg",
    "Prix à la portion": "10,69 EUR / colis",
    "DLC garantie au client": "4 jour(s)"
  },
  {
    "Rayon": "Fruits et Légumes",
    "Libellé produit": "Carotte entière épluchée",
    "Marque": "ROSEE DES CHAMPS",
    "Code Produit": "310023",
    "Température": "Frais",
    "Conditionnement": "Par sachet de 5 kg. Colis de 2 sachets.",
    "Unité de commande": "sachet",
    "Prix": "7,19 EUR",
    "Prix à l'unité de mesure": "1,44 EUR / kg",
    "Prix à la portion": "14,38 EUR / colis",
    "DLC garantie au client": "4 jour(s)"
  },
  {
    "Rayon": "Fruits et Légumes",
    "Libellé produit": "Carotte râpée en vrac",
    "Marque": "ROSEE DES CHAMPS",
    "Code Produit": "310024",
    "Température": "Frais",
    "Conditionnement": "Par sachet de 5 kg. Colis de 2 sachets.",
    "Unité de commande": "sachet",
    "Prix": "10,04 EUR",
    "Prix à l'unité de mesure": "2,01 EUR / kg",
    "Prix à la portion": "20,08 EUR / colis",
    "DLC garantie au client": "4 jour(s)"
  },
  {
    "Rayon": "Fruits et Légumes",
    "Libellé produit": "Chou blanc émincé",
    "Marque": "ROSEE DES CHAMPS",
    "Code Produit": "310026",
    "Température": "Frais",
    "Conditionnement": "Par sachet de 5 kg.",
    "Unité de commande": "sachet",
    "Prix": "13,70 EUR",
    "Prix à l'unité de mesure": "2,74 EUR / kg",
    "Prix à la portion": "",
    "DLC garantie au client": "4 jour(s)"
  },
  {
    "Rayon": "Pâtisserie Biscuiterie Confiserie",
    "Libellé produit": "Pectine ruban jaune",
    "Marque": "LOUIS FRANCOIS",
    "Code Produit": "310730",
    "Température": "Ambiant",
    "Conditionnement": "Par boite de 1 kg. Colis de 12 boites.",
    "Unité de commande": "boite",
    "Prix": "46,56 EUR",
    "Prix à l'unité de mesure": "46,56 EUR / kg",
    "Prix à la portion": "558,74 EUR / colis",
    "DLC garantie au client": "30 jour(s)"
  },
  {
    "Rayon": "Épicerie",
    "Libellé produit": "Segment d'orange sans jus",
    "Marque": "FRUITY PACK",
    "Code Produit": "311137",
    "Température": "Frais",
    "Conditionnement": "Par seau de 1 kg.",
    "Unité de commande": "seau",
    "Prix": "8,69 EUR",
    "Prix à l'unité de mesure": "8,69 EUR / kg",
    "Prix à la portion": "",
    "DLC garantie au client": "1 jour(s)"
  },
  {
    "Rayon": "Épicerie",
    "Libellé produit": "Segment de pomelos rouge",
    "Marque": "FRUITY PACK",
    "Code Produit": "311141",
    "Température": "Frais",
    "Conditionnement": "Par seau de 3 litre.",
    "Unité de commande": "seau",
    "Prix": "14,43 EUR",
    "Prix à l'unité de mesure": "4,81 EUR / L",
    "Prix à la portion": "",
    "DLC garantie au client": "4 jour(s)"
  },
  {
    "Rayon": "Épicerie",
    "Libellé produit": "Supreme de pomelos",
    "Marque": "FRUITY PACK",
    "Code Produit": "311144",
    "Température": "Frais",
    "Conditionnement": "Par seau de 3 litre.",
    "Unité de commande": "seau",
    "Prix": "25,56 EUR",
    "Prix à l'unité de mesure": "8,52 EUR / L",
    "Prix à la portion": "",
    "DLC garantie au client": "8 jour(s)"
  },
  {
    "Rayon": "Épicerie",
    "Libellé produit": "Raisin en grains",
    "Marque": "FRUITY PACK",
    "Code Produit": "311148",
    "Température": "Frais",
    "Conditionnement": "Par seau de 3 litre.",
    "Unité de commande": "seau",
    "Prix": "14,12 EUR",
    "Prix à l'unité de mesure": "4,71 EUR / L",
    "Prix à la portion": "",
    "DLC garantie au client": "3 jour(s)"
  },
  {
    "Rayon": "Épicerie",
    "Libellé produit": "Salade d'agrumes en cube",
    "Marque": "FRUITY PACK",
    "Code Produit": "311150",
    "Température": "Frais",
    "Conditionnement": "Par seau de 5.5 litre.",
    "Unité de commande": "seau",
    "Prix": "30,06 EUR",
    "Prix à l'unité de mesure": "5,47 EUR / L",
    "Prix à la portion": "",
    "DLC garantie au client": "5 jour(s)"
  },
  {
    "Rayon": "Épicerie",
    "Libellé produit": "Salade de fruits sun sans. sucre",
    "Marque": "FRUITY PACK",
    "Code Produit": "311152",
    "Température": "Frais",
    "Conditionnement": "Par seau de 5.5 litre.",
    "Unité de commande": "seau",
    "Prix": "21,44 EUR",
    "Prix à l'unité de mesure": "3,90 EUR / L",
    "Prix à la portion": "",
    "DLC garantie au client": "5 jour(s)"
  },
  {
    "Rayon": "Fruits et Légumes",
    "Libellé produit": "Mélange de betterave, mâche et. jeunes pousse de salade",
    "Marque": "FLORETTE",
    "Code Produit": "311206",
    "Température": "Frais",
    "Conditionnement": "Par sachet de 500 g. Colis de 6 sachets.",
    "Unité de commande": "sachet",
    "Prix": "4,45 EUR",
    "Prix à l'unité de mesure": "8,90 EUR / kg",
    "Prix à la portion": "26,69 EUR / colis",
    "DLC garantie au client": "3 jour(s)"
  },
  {
    "Rayon": "Poissons Coquillages Crustacés",
    "Libellé produit": "Crevette cuite amérique du. sud calibre 40/60",
    "Marque": "",
    "Code Produit": "311563",
    "Température": "Frais",
    "Conditionnement": "Par barquette de 2 kg.",
    "Unité de commande": "barquette",
    "Prix": "20,00 EUR",
    "Prix à l'unité de mesure": "10,00 EUR / kg",
    "Prix à la portion": "",
    "DLC garantie au client": "3 jour(s)"
  },
  {
    "Rayon": "Crèmerie Œufs Fromages",
    "Libellé produit": "Oeuf dur écalé calibre 43/53",
    "Marque": "SERVIS OEUF",
    "Code Produit": "311571",
    "Température": "Frais",
    "Conditionnement": "Portion de 64.667 g. Seau de 75 portions.",
    "Unité de commande": "seau",
    "Prix": "33,70 EUR",
    "Prix à l'unité de mesure": "6,95 EUR / kg",
    "Prix à la portion": "0,45 EUR / Portion",
    "DLC garantie au client": "7 jour(s)"
  },
  {
    "Rayon": "Crèmerie Œufs Fromages",
    "Libellé produit": "Tomme de savoie igp 30% m.g.",
    "Marque": "FLORALPES",
    "Code Produit": "311869",
    "Température": "Frais",
    "Conditionnement": "Par pièce de 1.6 kg. Colis de 2 pièces.",
    "Unité de commande": "pièce",
    "Prix": "20,81 EUR",
    "Prix à l'unité de mesure": "13,01 EUR / kg",
    "Prix à la portion": "41,62 EUR / colis",
    "DLC garantie au client": "7 jour(s)"
  },
  {
    "Rayon": "Crèmerie Œufs Fromages",
    "Libellé produit": "Bleu d'auvergne demi pain aop",
    "Marque": "AU COEUR DU PAYS VERT",
    "Code Produit": "311905",
    "Température": "Frais",
    "Conditionnement": "Par pièce de 1.25 kg. Colis de 4 pièces.",
    "Unité de commande": "pièce",
    "Prix": "13,50 EUR",
    "Prix à l'unité de mesure": "10,80 EUR / kg",
    "Prix à la portion": "54,01 EUR / colis",
    "DLC garantie au client": "7 jour(s)"
  },
  {
    "Rayon": "Équipement Hygiène",
    "Libellé produit": "Serviette diner gaufrées. marron. 39x39 cm",
    "Marque": "TORK",
    "Code Produit": "315772",
    "Température": "Ambiant",
    "Conditionnement": "Colis de 20 paquets. Paquet de 50 portions.",
    "Unité de commande": "colis",
    "Prix": "42,30 EUR",
    "Prix à l'unité de mesure": "",
    "Prix à la portion": "2,12 EUR / paquet",
    "DLC garantie au client": ""
  },
  {
    "Rayon": "Épicerie",
    "Libellé produit": "Corn flakes nature",
    "Marque": "COUNTRY FARM",
    "Code Produit": "317341",
    "Température": "Ambiant",
    "Conditionnement": "Par boite de 750 g. Colis de 10 boites.",
    "Unité de commande": "boite",
    "Prix": "3,95 EUR",
    "Prix à l'unité de mesure": "5,27 EUR / kg",
    "Prix à la portion": "39,50 EUR / colis",
    "DLC garantie au client": "30 jour(s)"
  },
  {
    "Rayon": "Épicerie",
    "Libellé produit": "Choco smile",
    "Marque": "COUNTRY FARM",
    "Code Produit": "317364",
    "Température": "Ambiant",
    "Conditionnement": "Par boite de 750 g. Colis de 12 boites.",
    "Unité de commande": "boite",
    "Prix": "5,41 EUR",
    "Prix à l'unité de mesure": "7,21 EUR / kg",
    "Prix à la portion": "64,86 EUR / colis",
    "DLC garantie au client": "30 jour(s)"
  },
  {
    "Rayon": "Accompagnements Assaisonnement",
    "Libellé produit": "Riz basmati 10 mn B. Ben's original",
    "Marque": "BEN'S ORIGINAL",
    "Code Produit": "317365",
    "Température": "Ambiant",
    "Conditionnement": "Par sac de 2.5 kg. Colis de 4 sacs.",
    "Unité de commande": "sac",
    "Prix": "20,51 EUR",
    "Prix à l'unité de mesure": "8,20 EUR / kg",
    "Prix à la portion": "82,04 EUR / colis",
    "DLC garantie au client": "30 jour(s)"
  },
  {
    "Rayon": "Équipement Hygiène",
    "Libellé produit": "Chiffon de nettoyage TORK. ultra résistant. dimension 41.5x35.5 cm",
    "Marque": "TORK",
    "Code Produit": "317896",
    "Température": "Ambiant",
    "Conditionnement": "Boite de 105 portions.",
    "Unité de commande": "boite",
    "Prix": "21,67 EUR",
    "Prix à l'unité de mesure": "",
    "Prix à la portion": "0,21 EUR / Portion",
    "DLC garantie au client": ""
  },
  {
    "Rayon": "Fruits et Légumes",
    "Libellé produit": "Carotte rapee. sachet de 1 kg",
    "Marque": "ROSEE DES CHAMPS",
    "Code Produit": "318026",
    "Température": "Frais",
    "Conditionnement": "Par sachet de 1 kg. Colis de 8 sachets.",
    "Unité de commande": "sachet",
    "Prix": "2,01 EUR",
    "Prix à l'unité de mesure": "2,01 EUR / kg",
    "Prix à la portion": "16,06 EUR / colis",
    "DLC garantie au client": "4 jour(s)"
  },
  {
    "Rayon": "Charcuterie Traiteur",
    "Libellé produit": "Tarama truffe d'été",
    "Marque": "",
    "Code Produit": "318031",
    "Température": "Frais",
    "Conditionnement": "Par pot de 500 g.",
    "Unité de commande": "pot",
    "Prix": "11,00 EUR",
    "Prix à l'unité de mesure": "22,00 EUR / kg",
    "Prix à la portion": "",
    "DLC garantie au client": "10 jour(s)"
  },
  {
    "Rayon": "Épicerie",
    "Libellé produit": "CARPACCIO ANANAS",
    "Marque": "FRUITY PACK",
    "Code Produit": "318401",
    "Température": "Frais",
    "Conditionnement": "Par seau de 3 litre.",
    "Unité de commande": "seau",
    "Prix": "16,60 EUR",
    "Prix à l'unité de mesure": "5,53 EUR / L",
    "Prix à la portion": "",
    "DLC garantie au client": "7 jour(s)"
  },
  {
    "Rayon": "Épicerie",
    "Libellé produit": "ANANAS MORCEAUX",
    "Marque": "FRUITY PACK",
    "Code Produit": "318403",
    "Température": "Frais",
    "Conditionnement": "Par seau de 3 litre.",
    "Unité de commande": "seau",
    "Prix": "14,49 EUR",
    "Prix à l'unité de mesure": "4,83 EUR / L",
    "Prix à la portion": "",
    "DLC garantie au client": "3 jour(s)"
  },
  {
    "Rayon": "Épicerie",
    "Libellé produit": "Brochette fruits x 10 pièces",
    "Marque": "FRUITY PACK",
    "Code Produit": "318407",
    "Température": "Frais",
    "Conditionnement": "Portion de 100 ml. Seau de 10 portions.",
    "Unité de commande": "seau",
    "Prix": "8,79 EUR",
    "Prix à l'unité de mesure": "8,79 EUR / L",
    "Prix à la portion": "0,88 EUR / Portion",
    "DLC garantie au client": "7 jour(s)"
  },
  {
    "Rayon": "Épicerie",
    "Libellé produit": "Barre anans",
    "Marque": "FRUITY PACK",
    "Code Produit": "318411",
    "Température": "Frais",
    "Conditionnement": "Portion de 80 ml. Colis de 24 portions.",
    "Unité de commande": "colis",
    "Prix": "21,28 EUR",
    "Prix à l'unité de mesure": "11,08 EUR / L",
    "Prix à la portion": "0,89 EUR / Portion",
    "DLC garantie au client": "3 jour(s)"
  },
  {
    "Rayon": "Épicerie",
    "Libellé produit": "Kiwi cube",
    "Marque": "FRUITY PACK",
    "Code Produit": "318412",
    "Température": "Frais",
    "Conditionnement": "Par seau de 3 litre.",
    "Unité de commande": "seau",
    "Prix": "18,58 EUR",
    "Prix à l'unité de mesure": "6,19 EUR / L",
    "Prix à la portion": "",
    "DLC garantie au client": "4 jour(s)"
  },
  {
    "Rayon": "Épicerie",
    "Libellé produit": "Segment orange",
    "Marque": "FRUITY PACK",
    "Code Produit": "318418",
    "Température": "Frais",
    "Conditionnement": "Par seau de 3 litre.",
    "Unité de commande": "seau",
    "Prix": "14,43 EUR",
    "Prix à l'unité de mesure": "4,81 EUR / L",
    "Prix à la portion": "",
    "DLC garantie au client": "4 jour(s)"
  },
  {
    "Rayon": "Épicerie",
    "Libellé produit": "Orange supreme",
    "Marque": "FRUITY PACK",
    "Code Produit": "318419",
    "Température": "Frais",
    "Conditionnement": "Par seau de 3 litre.",
    "Unité de commande": "seau",
    "Prix": "25,13 EUR",
    "Prix à l'unité de mesure": "8,38 EUR / L",
    "Prix à la portion": "",
    "DLC garantie au client": "4 jour(s)"
  },
  {
    "Rayon": "Épicerie",
    "Libellé produit": "Mangue cube IQF",
    "Marque": "FRUITY PACK",
    "Code Produit": "318423",
    "Température": "Frais",
    "Conditionnement": "Par seau de 3 litre.",
    "Unité de commande": "seau",
    "Prix": "16,40 EUR",
    "Prix à l'unité de mesure": "5,47 EUR / L",
    "Prix à la portion": "",
    "DLC garantie au client": "3 jour(s)"
  },
  {
    "Rayon": "Pâtisserie Biscuiterie Confiserie",
    "Libellé produit": "Purée pomme verte. sans sucre ajouté",
    "Marque": "LES VERGERS BOIRON",
    "Code Produit": "318981",
    "Température": "Surgele",
    "Conditionnement": "Par barquette de 1 kg. Colis de 6 barquettes.",
    "Unité de commande": "barquette",
    "Prix": "5,20 EUR",
    "Prix à l'unité de mesure": "5,20 EUR / kg",
    "Prix à la portion": "31,18 EUR / colis",
    "DLC garantie au client": "30 jour(s)"
  },
  {
    "Rayon": "Fruits et Légumes",
    "Libellé produit": "OIGNON JAUNE CUBE 1CM",
    "Marque": "ROSEE DES CHAMPS",
    "Code Produit": "319004",
    "Température": "Frais",
    "Conditionnement": "Par sachet de 1 kg. Colis de 8 sachets.",
    "Unité de commande": "sachet",
    "Prix": "3,87 EUR",
    "Prix à l'unité de mesure": "3,87 EUR / kg",
    "Prix à la portion": "30,93 EUR / colis",
    "DLC garantie au client": "4 jour(s)"
  },
  {
    "Rayon": "Fruits et Légumes",
    "Libellé produit": "POIVRON JAUNE CUBE 1 CM",
    "Marque": "ROSEE DES CHAMPS",
    "Code Produit": "319008",
    "Température": "Frais",
    "Conditionnement": "Par barquette de 1 kg.",
    "Unité de commande": "barquette",
    "Prix": "8,67 EUR",
    "Prix à l'unité de mesure": "8,67 EUR / kg",
    "Prix à la portion": "",
    "DLC garantie au client": "3 jour(s)"
  },
  {
    "Rayon": "Fruits et Légumes",
    "Libellé produit": "Salade composée bio",
    "Marque": "ROSEE DES CHAMPS",
    "Code Produit": "319015",
    "Température": "Frais",
    "Conditionnement": "Par sachet de 500 g. Colis de 8 sachets.",
    "Unité de commande": "sachet",
    "Prix": "4,00 EUR",
    "Prix à l'unité de mesure": "7,99 EUR / kg",
    "Prix à la portion": "31,96 EUR / colis",
    "DLC garantie au client": "3 jour(s)"
  },
  {
    "Rayon": "Pâtisserie Biscuiterie Confiserie",
    "Libellé produit": "Petits carrés chocolat. noisettes",
    "Marque": "MICHEL ET AUGUSTIN",
    "Code Produit": "319132",
    "Température": "Ambiant",
    "Conditionnement": "Sachet de 34 g. Colis de 18 sachets.",
    "Unité de commande": "colis",
    "Prix": "16,94 EUR",
    "Prix à l'unité de mesure": "27,68 EUR / kg",
    "Prix à la portion": "0,94 EUR / sachet",
    "DLC garantie au client": "30 jour(s)"
  },
  {
    "Rayon": "Poissons Coquillages Crustacés",
    "Libellé produit": "Filet lieu jaune avec peau. peche en ane",
    "Marque": "",
    "Code Produit": "320026",
    "Température": "Frais",
    "Conditionnement": "Portion de 750 g. Colis de 4 portions.",
    "Unité de commande": "colis",
    "Prix": "99,00 EUR",
    "Prix à l'unité de mesure": "33,00 EUR / kg",
    "Prix à la portion": "24,75 EUR / Portion",
    "DLC garantie au client": "3 jour(s)"
  },
  {
    "Rayon": "Boissons",
    "Libellé produit": "Jus d'orange avec pulpe",
    "Marque": "INNOCENT",
    "Code Produit": "320030",
    "Température": "Frais",
    "Conditionnement": "Bouteille de 1.5 litre. Colis de 6 bouteilles.",
    "Unité de commande": "colis",
    "Prix": "31,04 EUR",
    "Prix à l'unité de mesure": "3,45 EUR / L",
    "Prix à la portion": "5,17 EUR / bouteille",
    "DLC garantie au client": "7 jour(s)"
  },
  {
    "Rayon": "Boissons",
    "Libellé produit": "Jus de pomme",
    "Marque": "INNOCENT",
    "Code Produit": "320033",
    "Température": "Frais",
    "Conditionnement": "Bouteille de 1.5 litre. Colis de 6 bouteilles.",
    "Unité de commande": "colis",
    "Prix": "31,04 EUR",
    "Prix à l'unité de mesure": "3,45 EUR / L",
    "Prix à la portion": "5,17 EUR / bouteille",
    "DLC garantie au client": "7 jour(s)"
  },
  {
    "Rayon": "Accompagnements Assaisonnement",
    "Libellé produit": "Haricots verts extra fins. cuits express. cultivé 100 % en France CE2",
    "Marque": "D'AUCY",
    "Code Produit": "321638",
    "Température": "Surgele",
    "Conditionnement": "Par sachet de 2.5 kg. Colis de 4 sachets.",
    "Unité de commande": "sachet",
    "Prix": "9,74 EUR",
    "Prix à l'unité de mesure": "3,89 EUR / kg",
    "Prix à la portion": "38,94 EUR / colis",
    "DLC garantie au client": "30 jour(s)"
  },
  {
    "Rayon": "Pâtisserie Biscuiterie Confiserie",
    "Libellé produit": "Grue de cacao",
    "Marque": "CACAO BARRY",
    "Code Produit": "322040",
    "Température": "Ambiant",
    "Conditionnement": "Par seau de 1 kg. Colis de 4 seaux.",
    "Unité de commande": "seau",
    "Prix": "35,39 EUR",
    "Prix à l'unité de mesure": "35,39 EUR / kg",
    "Prix à la portion": "141,54 EUR / colis",
    "DLC garantie au client": "30 jour(s)"
  },
  {
    "Rayon": "Accompagnements Assaisonnement",
    "Libellé produit": "Linguine",
    "Marque": "BARILLA",
    "Code Produit": "322574",
    "Température": "Ambiant",
    "Conditionnement": "Par sac de 5 kg. Colis de 3 sacs.",
    "Unité de commande": "sac",
    "Prix": "15,41 EUR",
    "Prix à l'unité de mesure": "3,08 EUR / kg",
    "Prix à la portion": "46,23 EUR / colis",
    "DLC garantie au client": "30 jour(s)"
  },
  {
    "Rayon": "Crèmerie Œufs Fromages",
    "Libellé produit": "Yaourt aux fruits danone",
    "Marque": "DANONE",
    "Code Produit": "330050",
    "Température": "Frais",
    "Conditionnement": "Portion de 115 g. Plaque de 8 portions.",
    "Unité de commande": "plaque",
    "Prix": "2,09 EUR",
    "Prix à l'unité de mesure": "2,28 EUR / kg",
    "Prix à la portion": "0,26 EUR / Portion",
    "DLC garantie au client": "7 jour(s)"
  },
  {
    "Rayon": "Crèmerie Œufs Fromages",
    "Libellé produit": "Yaourt nature danone",
    "Marque": "DANONE",
    "Code Produit": "330052",
    "Température": "Frais",
    "Conditionnement": "Portion de 115 g. Plaque de 4 portions.",
    "Unité de commande": "plaque",
    "Prix": "0,84 EUR",
    "Prix à l'unité de mesure": "1,82 EUR / kg",
    "Prix à la portion": "0,21 EUR / Portion",
    "DLC garantie au client": "7 jour(s)"
  },
  {
    "Rayon": "Épicerie",
    "Libellé produit": "Nescafé mokambo tradicion. soluble",
    "Marque": "NESCAFE",
    "Code Produit": "334623",
    "Température": "Ambiant",
    "Conditionnement": "Par poche de 500 g. Colis de 12 poches.",
    "Unité de commande": "poche",
    "Prix": "35,14 EUR",
    "Prix à l'unité de mesure": "70,28 EUR / kg",
    "Prix à la portion": "421,68 EUR / colis",
    "DLC garantie au client": "30 jour(s)"
  },
  {
    "Rayon": "Fruits et Légumes",
    "Libellé produit": "CAROTTE RAPEE",
    "Marque": "ROSEE DES CHAMPS",
    "Code Produit": "340160",
    "Température": "Frais",
    "Conditionnement": "Par sachet de 500 g. Colis de 12 sachets.",
    "Unité de commande": "sachet",
    "Prix": "1,23 EUR",
    "Prix à l'unité de mesure": "2,47 EUR / kg",
    "Prix à la portion": "14,81 EUR / colis",
    "DLC garantie au client": "4 jour(s)"
  },
  {
    "Rayon": "Accompagnements Assaisonnement",
    "Libellé produit": "Huile de pépins de raisin",
    "Marque": "NEGOCE",
    "Code Produit": "340711",
    "Température": "Ambiant",
    "Conditionnement": "Par bidon de 1 litre. Colis de 15 bidons.",
    "Unité de commande": "bidon",
    "Prix": "4,10 EUR",
    "Prix à l'unité de mesure": "4,10 EUR / L",
    "Prix à la portion": "61,50 EUR / colis",
    "DLC garantie au client": "30 jour(s)"
  },
  {
    "Rayon": "Accompagnements Assaisonnement",
    "Libellé produit": "Tortiglioni",
    "Marque": "BARILLA",
    "Code Produit": "344127",
    "Température": "Ambiant",
    "Conditionnement": "Par sac de 5 kg. Colis de 3 sacs.",
    "Unité de commande": "sac",
    "Prix": "16,05 EUR",
    "Prix à l'unité de mesure": "3,21 EUR / kg",
    "Prix à la portion": "48,14 EUR / colis",
    "DLC garantie au client": "30 jour(s)"
  },
  {
    "Rayon": "Crèmerie Œufs Fromages",
    "Libellé produit": "Beurre sec tourage 84 % m.g.. plaque de 1 kg. -",
    "Marque": "ELLE & VIRE",
    "Code Produit": "345587",
    "Température": "Frais",
    "Conditionnement": "Plaque de 1 kg. Colis de 10 plaques.",
    "Unité de commande": "colis",
    "Prix": "123,79 EUR",
    "Prix à l'unité de mesure": "12,38 EUR / kg",
    "Prix à la portion": "12,38 EUR / plaque",
    "DLC garantie au client": "7 jour(s)"
  },
  {
    "Rayon": "Pâtisserie Biscuiterie Confiserie",
    "Libellé produit": "Purée de citron vert. non sucrée",
    "Marque": "LES VERGERS BOIRON",
    "Code Produit": "353789",
    "Température": "Surgele",
    "Conditionnement": "Par barquette de 1 kg. Colis de 6 barquettes.",
    "Unité de commande": "barquette",
    "Prix": "6,14 EUR",
    "Prix à l'unité de mesure": "6,14 EUR / kg",
    "Prix à la portion": "36,85 EUR / colis",
    "DLC garantie au client": "30 jour(s)"
  },
  {
    "Rayon": "Accompagnements Assaisonnement",
    "Libellé produit": "Trio de légumes aux brocolis. cuit express CE2",
    "Marque": "D'AUCY",
    "Code Produit": "359539",
    "Température": "Surgele",
    "Conditionnement": "Par sachet de 2.5 kg. Colis de 4 sachets.",
    "Unité de commande": "sachet",
    "Prix": "7,50 EUR",
    "Prix à l'unité de mesure": "3,00 EUR / kg",
    "Prix à la portion": "29,99 EUR / colis",
    "DLC garantie au client": "30 jour(s)"
  },
  {
    "Rayon": "Pains Viennoiserie Pâtes",
    "Libellé produit": "Pain de mie complet dim. 12'. x 12 cm - spécial sandwich. longue conservation",
    "Marque": "HARRYS FOOD SERVICE",
    "Code Produit": "359711",
    "Température": "Ambiant",
    "Conditionnement": "Par paquet de 600 g. Colis de 10 paquets.",
    "Unité de commande": "paquet",
    "Prix": "2,58 EUR",
    "Prix à l'unité de mesure": "4,31 EUR / kg",
    "Prix à la portion": "25,84 EUR / colis",
    "DLC garantie au client": "7 jour(s)"
  },
  {
    "Rayon": "Pains Viennoiserie Pâtes",
    "Libellé produit": "Pain de mie nature 12x12. 14 tranches spécial sandwich. longue conservation",
    "Marque": "HARRYS FOOD SERVICE",
    "Code Produit": "359729",
    "Température": "Ambiant",
    "Conditionnement": "Par paquet de 550 g. Colis de 10 paquets.",
    "Unité de commande": "paquet",
    "Prix": "2,34 EUR",
    "Prix à l'unité de mesure": "4,26 EUR / kg",
    "Prix à la portion": "23,44 EUR / colis",
    "DLC garantie au client": "7 jour(s)"
  },
  {
    "Rayon": "Pâtisserie Biscuiterie Confiserie",
    "Libellé produit": "Purée de framboise sucrée",
    "Marque": "LES VERGERS BOIRON",
    "Code Produit": "360933",
    "Température": "Surgele",
    "Conditionnement": "Par barquette de 1 kg. Colis de 6 barquettes.",
    "Unité de commande": "barquette",
    "Prix": "11,64 EUR",
    "Prix à l'unité de mesure": "11,64 EUR / kg",
    "Prix à la portion": "69,86 EUR / colis",
    "DLC garantie au client": "30 jour(s)"
  },
  {
    "Rayon": "Charcuterie Traiteur",
    "Libellé produit": "Jambon sec tranché vpf",
    "Marque": "MONTAGNE NOIRE",
    "Code Produit": "362749",
    "Température": "Frais",
    "Conditionnement": "Portion de 20.833 g. Barquette de 24 portions.",
    "Unité de commande": "barquette",
    "Prix": "8,60 EUR",
    "Prix à l'unité de mesure": "17,19 EUR / kg",
    "Prix à la portion": "0,36 EUR / Portion",
    "DLC garantie au client": "7 jour(s)"
  },
  {
    "Rayon": "Accompagnements Assaisonnement",
    "Libellé produit": "Oignons rissolés",
    "Marque": "DUCROS",
    "Code Produit": "363119",
    "Température": "Ambiant",
    "Conditionnement": "Par sachet de 1 kg. Colis de 10 sachets.",
    "Unité de commande": "sachet",
    "Prix": "10,17 EUR",
    "Prix à l'unité de mesure": "10,17 EUR / kg",
    "Prix à la portion": "101,67 EUR / colis",
    "DLC garantie au client": "30 jour(s)"
  },
  {
    "Rayon": "Épicerie",
    "Libellé produit": "Muesli extra chocolat. noisettes",
    "Marque": "KELLOGG'S",
    "Code Produit": "364406",
    "Température": "Ambiant",
    "Conditionnement": "Par paquet de 1.5 kg. Colis de 4 paquets.",
    "Unité de commande": "paquet",
    "Prix": "19,78 EUR",
    "Prix à l'unité de mesure": "13,18 EUR / kg",
    "Prix à la portion": "79,10 EUR / colis",
    "DLC garantie au client": "30 jour(s)"
  },
  {
    "Rayon": "Épicerie",
    "Libellé produit": "Thé noir Yellow Label. 100 sachets fraîcheur",
    "Marque": "LIPTON",
    "Code Produit": "370056",
    "Température": "Ambiant",
    "Conditionnement": "Portion de 1.8 g. Boite de 100 portions.",
    "Unité de commande": "boite",
    "Prix": "9,69 EUR",
    "Prix à l'unité de mesure": "53,83 EUR / kg",
    "Prix à la portion": "0,10 EUR / Portion",
    "DLC garantie au client": "30 jour(s)"
  },
  {
    "Rayon": "Charcuterie Traiteur",
    "Libellé produit": "Plaque feuilletée pur beurre. diamètre de 3.5mm. 57 x 37 cm",
    "Marque": "GELFINOR",
    "Code Produit": "372946",
    "Température": "Surgele",
    "Conditionnement": "Pièce de 910 g. Colis de 12 pièces.",
    "Unité de commande": "colis",
    "Prix": "135,29 EUR",
    "Prix à l'unité de mesure": "12,39 EUR / kg",
    "Prix à la portion": "11,27 EUR / pièce",
    "DLC garantie au client": "30 jour(s)"
  },
  {
    "Rayon": "Pâtisserie Biscuiterie Confiserie",
    "Libellé produit": "Acide ascorbique",
    "Marque": "LOUIS FRANCOIS",
    "Code Produit": "387027",
    "Température": "Ambiant",
    "Conditionnement": "Par boite de 1 kg. Colis de 12 boites.",
    "Unité de commande": "boite",
    "Prix": "16,08 EUR",
    "Prix à l'unité de mesure": "16,08 EUR / kg",
    "Prix à la portion": "192,94 EUR / colis",
    "DLC garantie au client": "30 jour(s)"
  },
  {
    "Rayon": "Fruits et Légumes",
    "Libellé produit": "Concombre 4/5. catégorie 1. France",
    "Marque": "STKFL",
    "Code Produit": "390126",
    "Température": "Frais",
    "Conditionnement": "Pièce de 450 g. Colis de 12 pièces.",
    "Unité de commande": "colis",
    "Prix": "11,02 EUR",
    "Prix à l'unité de mesure": "2,04 EUR / kg",
    "Prix à la portion": "0,92 EUR / pièce",
    "DLC garantie au client": ""
  },
  {
    "Rayon": "Fruits et Légumes",
    "Libellé produit": "Gingembre. catégorie 1. colis 5kg",
    "Marque": "STKFL",
    "Code Produit": "390855",
    "Température": "Frais",
    "Conditionnement": "Par colis de 5 kg.",
    "Unité de commande": "colis",
    "Prix": "14,18 EUR",
    "Prix à l'unité de mesure": "2,84 EUR / kg",
    "Prix à la portion": "",
    "DLC garantie au client": ""
  },
  {
    "Rayon": "Fruits et Légumes",
    "Libellé produit": "Banane p20. catégorie 1",
    "Marque": "STKFL",
    "Code Produit": "394810",
    "Température": "Frais",
    "Conditionnement": "Par pièce de 800 g.",
    "Unité de commande": "pièce",
    "Prix": "1,79 EUR",
    "Prix à l'unité de mesure": "2,24 EUR / kg",
    "Prix à la portion": "",
    "DLC garantie au client": ""
  },
  {
    "Rayon": "Accompagnements Assaisonnement",
    "Libellé produit": "Jus d'agneau Déshydraté 750g. Jusqu'à 30L",
    "Marque": "KNORR",
    "Code Produit": "399246",
    "Température": "Ambiant",
    "Conditionnement": "Par boite de 750 g. Colis de 6 boites.",
    "Unité de commande": "boite",
    "Prix": "31,71 EUR",
    "Prix à l'unité de mesure": "42,28 EUR / kg",
    "Prix à la portion": "190,25 EUR / colis",
    "DLC garantie au client": "30 jour(s)"
  },
  {
    "Rayon": "Viandes Volailles Gibier",
    "Libellé produit": "Steak haché façon bouchère ue",
    "Marque": "BEAUVALLET RESTAURATION",
    "Code Produit": "400118",
    "Température": "Frais",
    "Conditionnement": "Portion de 140 g. Colis de 16 portions.",
    "Unité de commande": "colis",
    "Prix": "33,97 EUR",
    "Prix à l'unité de mesure": "15,17 EUR / kg",
    "Prix à la portion": "2,12 EUR / Portion",
    "DLC garantie au client": "5 jour(s)"
  },
  {
    "Rayon": "Pâtisserie Biscuiterie Confiserie",
    "Libellé produit": "Purée de poire sans sucre",
    "Marque": "LES VERGERS BOIRON",
    "Code Produit": "400235",
    "Température": "Surgele",
    "Conditionnement": "Par barquette de 1 kg. Colis de 6 barquettes.",
    "Unité de commande": "barquette",
    "Prix": "5,53 EUR",
    "Prix à l'unité de mesure": "5,53 EUR / kg",
    "Prix à la portion": "33,19 EUR / colis",
    "DLC garantie au client": "30 jour(s)"
  },
  {
    "Rayon": "Pâtisserie Biscuiterie Confiserie",
    "Libellé produit": "Purée de fruits rouges sans. sucre",
    "Marque": "LES VERGERS BOIRON",
    "Code Produit": "400236",
    "Température": "Surgele",
    "Conditionnement": "Par barquette de 1 kg. Colis de 6 barquettes.",
    "Unité de commande": "barquette",
    "Prix": "8,93 EUR",
    "Prix à l'unité de mesure": "8,93 EUR / kg",
    "Prix à la portion": "53,55 EUR / colis",
    "DLC garantie au client": "30 jour(s)"
  },
  {
    "Rayon": "Fruits et Légumes",
    "Libellé produit": "Carotte cube 1 cm",
    "Marque": "ROSEE DES CHAMPS",
    "Code Produit": "400241",
    "Température": "Frais",
    "Conditionnement": "Par sachet de 1 kg.",
    "Unité de commande": "sachet",
    "Prix": "2,66 EUR",
    "Prix à l'unité de mesure": "2,66 EUR / kg",
    "Prix à la portion": "",
    "DLC garantie au client": "4 jour(s)"
  },
  {
    "Rayon": "Fruits et Légumes",
    "Libellé produit": "Carotte tagliatelle/julienne",
    "Marque": "ROSEE DES CHAMPS",
    "Code Produit": "400245",
    "Température": "Frais",
    "Conditionnement": "Par sachet de 1 kg.",
    "Unité de commande": "sachet",
    "Prix": "5,01 EUR",
    "Prix à l'unité de mesure": "5,01 EUR / kg",
    "Prix à la portion": "",
    "DLC garantie au client": "4 jour(s)"
  },
  {
    "Rayon": "Fruits et Légumes",
    "Libellé produit": "Chou blanc rapé",
    "Marque": "ROSEE DES CHAMPS",
    "Code Produit": "400255",
    "Température": "Frais",
    "Conditionnement": "Par sachet de 1 kg. Colis de 8 sachets.",
    "Unité de commande": "sachet",
    "Prix": "2,74 EUR",
    "Prix à l'unité de mesure": "2,74 EUR / kg",
    "Prix à la portion": "21,92 EUR / colis",
    "DLC garantie au client": "4 jour(s)"
  },
  {
    "Rayon": "Fruits et Légumes",
    "Libellé produit": "Chou rouge rapé",
    "Marque": "ROSEE DES CHAMPS",
    "Code Produit": "400257",
    "Température": "Frais",
    "Conditionnement": "Par sachet de 1 kg. Colis de 8 sachets.",
    "Unité de commande": "sachet",
    "Prix": "2,84 EUR",
    "Prix à l'unité de mesure": "2,84 EUR / kg",
    "Prix à la portion": "22,68 EUR / colis",
    "DLC garantie au client": "4 jour(s)"
  },
  {
    "Rayon": "Fruits et Légumes",
    "Libellé produit": "Coeur de scarole",
    "Marque": "ROSEE DES CHAMPS",
    "Code Produit": "400258",
    "Température": "Frais",
    "Conditionnement": "Par sachet de 500 g. Colis de 8 sachets.",
    "Unité de commande": "sachet",
    "Prix": "2,76 EUR",
    "Prix à l'unité de mesure": "5,52 EUR / kg",
    "Prix à la portion": "22,08 EUR / colis",
    "DLC garantie au client": "4 jour(s)"
  },
  {
    "Rayon": "Fruits et Légumes",
    "Libellé produit": "Courgette brunoise 3 mm",
    "Marque": "ROSEE DES CHAMPS",
    "Code Produit": "400265",
    "Température": "Frais",
    "Conditionnement": "Par sachet de 1 kg.",
    "Unité de commande": "sachet",
    "Prix": "5,96 EUR",
    "Prix à l'unité de mesure": "5,96 EUR / kg",
    "Prix à la portion": "",
    "DLC garantie au client": "3 jour(s)"
  },
  {
    "Rayon": "Fruits et Légumes",
    "Libellé produit": "Courgette julienne tagliatelle",
    "Marque": "ROSEE DES CHAMPS",
    "Code Produit": "400267",
    "Température": "Frais",
    "Conditionnement": "Par sachet de 1 kg.",
    "Unité de commande": "sachet",
    "Prix": "5,47 EUR",
    "Prix à l'unité de mesure": "5,47 EUR / kg",
    "Prix à la portion": "",
    "DLC garantie au client": "3 jour(s)"
  },
  {
    "Rayon": "Fruits et Légumes",
    "Libellé produit": "Iceberg coupée 40/40",
    "Marque": "ROSEE DES CHAMPS",
    "Code Produit": "400268",
    "Température": "Frais",
    "Conditionnement": "Par sachet de 500 g. Colis de 8 sachets.",
    "Unité de commande": "sachet",
    "Prix": "2,06 EUR",
    "Prix à l'unité de mesure": "4,11 EUR / kg",
    "Prix à la portion": "16,44 EUR / colis",
    "DLC garantie au client": "4 jour(s)"
  },
  {
    "Rayon": "Pâtisserie Biscuiterie Confiserie",
    "Libellé produit": "Chocolat couverture lait. select 33.8%",
    "Marque": "CALLEBAUT",
    "Code Produit": "400278",
    "Température": "Ambiant",
    "Conditionnement": "Par sac de 10 kg.",
    "Unité de commande": "sac",
    "Prix": "176,36 EUR",
    "Prix à l'unité de mesure": "17,64 EUR / kg",
    "Prix à la portion": "",
    "DLC garantie au client": "30 jour(s)"
  },
  {
    "Rayon": "Fruits et Légumes",
    "Libellé produit": "Mélange carnaval",
    "Marque": "ROSEE DES CHAMPS",
    "Code Produit": "400470",
    "Température": "Frais",
    "Conditionnement": "Par sachet de 1 kg.",
    "Unité de commande": "sachet",
    "Prix": "4,33 EUR",
    "Prix à l'unité de mesure": "4,33 EUR / kg",
    "Prix à la portion": "",
    "DLC garantie au client": "3 jour(s)"
  },
  {
    "Rayon": "Desserts Glaces",
    "Libellé produit": "Pain perdu brioché vrac cuit. 110 x 110 mm",
    "Marque": "POMONE",
    "Code Produit": "400564",
    "Température": "Surgele",
    "Conditionnement": "Portion de 90 g. Colis de 30 portions.",
    "Unité de commande": "colis",
    "Prix": "28,71 EUR",
    "Prix à l'unité de mesure": "10,63 EUR / kg",
    "Prix à la portion": "0,96 EUR / Portion",
    "DLC garantie au client": "30 jour(s)"
  },
  {
    "Rayon": "Pâtisserie Biscuiterie Confiserie",
    "Libellé produit": "Sucre glace recharge. saupoudreuse",
    "Marque": "ST LOUIS",
    "Code Produit": "400693",
    "Température": "Ambiant",
    "Conditionnement": "Sachet de 500 g. Colis de 10 sachets.",
    "Unité de commande": "colis",
    "Prix": "14,73 EUR",
    "Prix à l'unité de mesure": "2,95 EUR / kg",
    "Prix à la portion": "1,47 EUR / sachet",
    "DLC garantie au client": ""
  },
  {
    "Rayon": "Pâtisserie Biscuiterie Confiserie",
    "Libellé produit": "Purée de cassis non sucrée",
    "Marque": "LES VERGERS BOIRON",
    "Code Produit": "400720",
    "Température": "Surgele",
    "Conditionnement": "Par barquette de 1 kg. Colis de 6 barquettes.",
    "Unité de commande": "barquette",
    "Prix": "7,05 EUR",
    "Prix à l'unité de mesure": "7,05 EUR / kg",
    "Prix à la portion": "42,32 EUR / colis",
    "DLC garantie au client": "30 jour(s)"
  },
  {
    "Rayon": "Pâtisserie Biscuiterie Confiserie",
    "Libellé produit": "Purée de griotte non sucrée",
    "Marque": "LES VERGERS BOIRON",
    "Code Produit": "400728",
    "Température": "Surgele",
    "Conditionnement": "Par barquette de 1 kg. Colis de 6 barquettes.",
    "Unité de commande": "barquette",
    "Prix": "8,08 EUR",
    "Prix à l'unité de mesure": "8,08 EUR / kg",
    "Prix à la portion": "48,46 EUR / colis",
    "DLC garantie au client": "30 jour(s)"
  },
  {
    "Rayon": "Pâtisserie Biscuiterie Confiserie",
    "Libellé produit": "Purée myrtille non sucrée",
    "Marque": "LES VERGERS BOIRON",
    "Code Produit": "400791",
    "Température": "Surgele",
    "Conditionnement": "Par barquette de 1 kg. Colis de 6 barquettes.",
    "Unité de commande": "barquette",
    "Prix": "11,65 EUR",
    "Prix à l'unité de mesure": "11,65 EUR / kg",
    "Prix à la portion": "69,88 EUR / colis",
    "DLC garantie au client": "30 jour(s)"
  },
  {
    "Rayon": "Pâtisserie Biscuiterie Confiserie",
    "Libellé produit": "Purée d'abricot non sucrée",
    "Marque": "LES VERGERS BOIRON",
    "Code Produit": "400931",
    "Température": "Surgele",
    "Conditionnement": "Par barquette de 1 kg. Colis de 6 barquettes.",
    "Unité de commande": "barquette",
    "Prix": "6,82 EUR",
    "Prix à l'unité de mesure": "6,82 EUR / kg",
    "Prix à la portion": "40,92 EUR / colis",
    "DLC garantie au client": "30 jour(s)"
  },
  {
    "Rayon": "Épicerie",
    "Libellé produit": "Pâte à tartiner. noisettes et cacao",
    "Marque": "BONNE MAMAN",
    "Code Produit": "401044",
    "Température": "Ambiant",
    "Conditionnement": "Par pot de 580 g. Colis de 6 pots.",
    "Unité de commande": "pot",
    "Prix": "8,19 EUR",
    "Prix à l'unité de mesure": "14,12 EUR / kg",
    "Prix à la portion": "49,14 EUR / colis",
    "DLC garantie au client": "30 jour(s)"
  },
  {
    "Rayon": "Pains Viennoiserie Pâtes",
    "Libellé produit": "Levure ménagère GB extra duo",
    "Marque": "",
    "Code Produit": "401320",
    "Température": "Frais",
    "Conditionnement": "Portion de 25 g. Boite de 60 portions.",
    "Unité de commande": "boite",
    "Prix": "9,31 EUR",
    "Prix à l'unité de mesure": "6,21 EUR / kg",
    "Prix à la portion": "0,16 EUR / Portion",
    "DLC garantie au client": "7 jour(s)"
  },
  {
    "Rayon": "Équipement Hygiène",
    "Libellé produit": "Sac déchet blanc 20 l. rouleau de 50 sacs",
    "Marque": "SPHERE DISTRIBUTION",
    "Code Produit": "402454",
    "Température": "Ambiant",
    "Conditionnement": "Colis de 1000 portions.",
    "Unité de commande": "colis",
    "Prix": "18,35 EUR",
    "Prix à l'unité de mesure": "",
    "Prix à la portion": "0,02 EUR / Portion",
    "DLC garantie au client": ""
  },
  {
    "Rayon": "Épicerie",
    "Libellé produit": "Macarons les classiques",
    "Marque": "SYMPHONIE PASQUIER",
    "Code Produit": "403879",
    "Température": "Surgele",
    "Conditionnement": "Portion de 12.833 g. Plateau de 72 portions.",
    "Unité de commande": "plateau",
    "Prix": "23,68 EUR",
    "Prix à l'unité de mesure": "25,62 EUR / kg",
    "Prix à la portion": "0,33 EUR / Portion",
    "DLC garantie au client": "30 jour(s)"
  },
  {
    "Rayon": "Épicerie",
    "Libellé produit": "Raisins secs de Corinthe",
    "Marque": "OLYMPFRUITS",
    "Code Produit": "404061",
    "Température": "Ambiant",
    "Conditionnement": "Par sachet de 1 kg. Colis de 10 sachets.",
    "Unité de commande": "sachet",
    "Prix": "6,27 EUR",
    "Prix à l'unité de mesure": "6,27 EUR / kg",
    "Prix à la portion": "62,71 EUR / colis",
    "DLC garantie au client": "30 jour(s)"
  },
  {
    "Rayon": "Pâtisserie Biscuiterie Confiserie",
    "Libellé produit": "Sucre cristal",
    "Marque": "SUDZUCKER",
    "Code Produit": "404105",
    "Température": "Ambiant",
    "Conditionnement": "Par sac de 25 kg.",
    "Unité de commande": "sac",
    "Prix": "24,14 EUR",
    "Prix à l'unité de mesure": "0,97 EUR / kg",
    "Prix à la portion": "",
    "DLC garantie au client": ""
  },
  {
    "Rayon": "Pâtisserie Biscuiterie Confiserie",
    "Libellé produit": "Sucre semoule",
    "Marque": "SUDZUCKER",
    "Code Produit": "404107",
    "Température": "Ambiant",
    "Conditionnement": "Par sac de 25 kg.",
    "Unité de commande": "sac",
    "Prix": "25,35 EUR",
    "Prix à l'unité de mesure": "1,01 EUR / kg",
    "Prix à la portion": "",
    "DLC garantie au client": ""
  },
  {
    "Rayon": "Pains Viennoiserie Pâtes",
    "Libellé produit": "Baguette mémoire poolish. précuite",
    "Marque": "DELIFRANCE",
    "Code Produit": "404125",
    "Température": "Surgele",
    "Conditionnement": "Portion de 290 g. Colis de 30 portions.",
    "Unité de commande": "colis",
    "Prix": "19,93 EUR",
    "Prix à l'unité de mesure": "2,29 EUR / kg",
    "Prix à la portion": "0,66 EUR / Portion",
    "DLC garantie au client": "30 jour(s)"
  },
  {
    "Rayon": "Pâtisserie Biscuiterie Confiserie",
    "Libellé produit": "Chlorure de calcium alimentair. e",
    "Marque": "LOUIS FRANCOIS",
    "Code Produit": "404152",
    "Température": "Ambiant",
    "Conditionnement": "Par boite de 1 kg. Colis de 6 boites.",
    "Unité de commande": "boite",
    "Prix": "11,42 EUR",
    "Prix à l'unité de mesure": "11,42 EUR / kg",
    "Prix à la portion": "68,52 EUR / colis",
    "DLC garantie au client": "30 jour(s)"
  },
  {
    "Rayon": "Pâtisserie Biscuiterie Confiserie",
    "Libellé produit": "Xanthane gomme 80",
    "Marque": "LOUIS FRANCOIS",
    "Code Produit": "404167",
    "Température": "Ambiant",
    "Conditionnement": "Par boite de 1 kg. Colis de 6 boites.",
    "Unité de commande": "boite",
    "Prix": "45,61 EUR",
    "Prix à l'unité de mesure": "45,61 EUR / kg",
    "Prix à la portion": "273,64 EUR / colis",
    "DLC garantie au client": "30 jour(s)"
  },
  {
    "Rayon": "Épicerie",
    "Libellé produit": "Pistaches hachées 3/8 mm",
    "Marque": "OLYMPFRUITS",
    "Code Produit": "404254",
    "Température": "Ambiant",
    "Conditionnement": "Par sachet de 1 kg. Colis de 10 sachets.",
    "Unité de commande": "sachet",
    "Prix": "32,42 EUR",
    "Prix à l'unité de mesure": "32,42 EUR / kg",
    "Prix à la portion": "324,24 EUR / colis",
    "DLC garantie au client": "30 jour(s)"
  },
  {
    "Rayon": "Accompagnements Assaisonnement",
    "Libellé produit": "Ketchup. flacon souple de 342g",
    "Marque": "HEINZ",
    "Code Produit": "404293",
    "Température": "Ambiant",
    "Conditionnement": "Flacon de 342 g. Colis de 10 flacons.",
    "Unité de commande": "colis",
    "Prix": "32,90 EUR",
    "Prix à l'unité de mesure": "9,62 EUR / kg",
    "Prix à la portion": "3,29 EUR / flacon",
    "DLC garantie au client": "30 jour(s)"
  },
  {
    "Rayon": "Pâtisserie Biscuiterie Confiserie",
    "Libellé produit": "Cacao en poudre plein arôme. 100 %",
    "Marque": "CACAO BARRY",
    "Code Produit": "404421",
    "Température": "Ambiant",
    "Conditionnement": "Par sac de 5 kg. Colis de 2 sacs.",
    "Unité de commande": "sac",
    "Prix": "109,25 EUR",
    "Prix à l'unité de mesure": "21,85 EUR / kg",
    "Prix à la portion": "218,50 EUR / colis",
    "DLC garantie au client": "30 jour(s)"
  },
  {
    "Rayon": "Charcuterie Traiteur",
    "Libellé produit": "Foie gras de canard extra. restauration déveiné du sud. ouest IGP",
    "Marque": "",
    "Code Produit": "404706",
    "Température": "Surgele",
    "Conditionnement": "Par pièce de 550 g. Colis de 10 pièces.",
    "Unité de commande": "pièce",
    "Prix": "26,00 EUR",
    "Prix à l'unité de mesure": "47,27 EUR / kg",
    "Prix à la portion": "260,00 EUR / colis",
    "DLC garantie au client": "30 jour(s)"
  },
  {
    "Rayon": "Équipement Hygiène",
    "Libellé produit": "Kit couverts 4 en 1 bois. avec couteau fourchette petite. cuillère et serviette",
    "Marque": "",
    "Code Produit": "405203",
    "Température": "Ambiant",
    "Conditionnement": "Paquet de 50 portions.",
    "Unité de commande": "paquet",
    "Prix": "9,78 EUR",
    "Prix à l'unité de mesure": "",
    "Prix à la portion": "0,20 EUR / Portion",
    "DLC garantie au client": ""
  },
  {
    "Rayon": "Pâtisserie Biscuiterie Confiserie",
    "Libellé produit": "Sables sales beaufort aop",
    "Marque": "MICHEL ET AUGUSTIN",
    "Code Produit": "405218",
    "Température": "Ambiant",
    "Conditionnement": "Sachet de 2 kg. Colis de 2 sachets.",
    "Unité de commande": "colis",
    "Prix": "70,40 EUR",
    "Prix à l'unité de mesure": "17,60 EUR / kg",
    "Prix à la portion": "35,20 EUR / sachet",
    "DLC garantie au client": "30 jour(s)"
  },
  {
    "Rayon": "Équipement Hygiène",
    "Libellé produit": "Taxat profi",
    "Marque": "ECOLAB",
    "Code Produit": "405236",
    "Température": "Ambiant",
    "Conditionnement": "",
    "Unité de commande": "sac",
    "Prix": "110,71 EUR",
    "Prix à l'unité de mesure": "",
    "Prix à la portion": "",
    "DLC garantie au client": ""
  },
  {
    "Rayon": "Crèmerie Œufs Fromages",
    "Libellé produit": "Beurre micropain doux",
    "Marque": "PRESIDENT",
    "Code Produit": "405704",
    "Température": "Frais",
    "Conditionnement": "Portion de 10 g. Boite de 100 portions.",
    "Unité de commande": "boite",
    "Prix": "12,76 EUR",
    "Prix à l'unité de mesure": "12,76 EUR / kg",
    "Prix à la portion": "0,13 EUR / Portion",
    "DLC garantie au client": "7 jour(s)"
  },
  {
    "Rayon": "Fruits et Légumes",
    "Libellé produit": "Ananas extra sweet b9. catégorie 1",
    "Marque": "STKFL",
    "Code Produit": "407203",
    "Température": "Frais",
    "Conditionnement": "Par barquette de 1.28 kg.",
    "Unité de commande": "barquette",
    "Prix": "1,87 EUR",
    "Prix à l'unité de mesure": "1,46 EUR / kg",
    "Prix à la portion": "",
    "DLC garantie au client": ""
  },
  {
    "Rayon": "Fruits et Légumes",
    "Libellé produit": "Grenade. catégorie 1",
    "Marque": "STKFL",
    "Code Produit": "407218",
    "Température": "Frais",
    "Conditionnement": "Par barquette de 700 g.",
    "Unité de commande": "barquette",
    "Prix": "4,13 EUR",
    "Prix à l'unité de mesure": "5,89 EUR / kg",
    "Prix à la portion": "",
    "DLC garantie au client": ""
  },
  {
    "Rayon": "Fruits et Légumes",
    "Libellé produit": "Piment jalapeno rouge. catégorie 1",
    "Marque": "STKFL",
    "Code Produit": "407219",
    "Température": "Frais",
    "Conditionnement": "Par sachet de 500 g.",
    "Unité de commande": "sachet",
    "Prix": "14,37 EUR",
    "Prix à l'unité de mesure": "28,74 EUR / kg",
    "Prix à la portion": "",
    "DLC garantie au client": ""
  },
  {
    "Rayon": "Fruits et Légumes",
    "Libellé produit": "Chou blanc. catégorie 1. France",
    "Marque": "STKFL",
    "Code Produit": "407221",
    "Température": "Frais",
    "Conditionnement": "Par sachet de 1.5 kg.",
    "Unité de commande": "sachet",
    "Prix": "2,02 EUR",
    "Prix à l'unité de mesure": "1,35 EUR / kg",
    "Prix à la portion": "",
    "DLC garantie au client": ""
  },
  {
    "Rayon": "Fruits et Légumes",
    "Libellé produit": "Pomme pink lady 115/135. catégorie 1",
    "Marque": "STKFL",
    "Code Produit": "407222",
    "Température": "Frais",
    "Conditionnement": "Par sachet de 600 g.",
    "Unité de commande": "sachet",
    "Prix": "3,64 EUR",
    "Prix à l'unité de mesure": "6,07 EUR / kg",
    "Prix à la portion": "",
    "DLC garantie au client": ""
  },
  {
    "Rayon": "Fruits et Légumes",
    "Libellé produit": "Fenouil. catégorie 1",
    "Marque": "STKFL",
    "Code Produit": "407223",
    "Température": "Frais",
    "Conditionnement": "Par sachet de 1 kg.",
    "Unité de commande": "sachet",
    "Prix": "2,12 EUR",
    "Prix à l'unité de mesure": "2,12 EUR / kg",
    "Prix à la portion": "",
    "DLC garantie au client": ""
  },
  {
    "Rayon": "Pâtisserie Biscuiterie Confiserie",
    "Libellé produit": "Crème pâtissière à chaud",
    "Marque": "MOENCH",
    "Code Produit": "409150",
    "Température": "Ambiant",
    "Conditionnement": "Par sachet de 1 kg. Colis de 4 sachets.",
    "Unité de commande": "sachet",
    "Prix": "6,84 EUR",
    "Prix à l'unité de mesure": "6,84 EUR / kg",
    "Prix à la portion": "27,34 EUR / colis",
    "DLC garantie au client": "30 jour(s)"
  },
  {
    "Rayon": "Boissons",
    "Libellé produit": "Eau minérale eau neuve. tetra",
    "Marque": "EAU NEUVE",
    "Code Produit": "409501",
    "Température": "Ambiant",
    "Conditionnement": "Bouteille de 500 ml. Colis de 12 bouteilles.",
    "Unité de commande": "colis",
    "Prix": "6,86 EUR",
    "Prix à l'unité de mesure": "1,14 EUR / L",
    "Prix à la portion": "0,57 EUR / bouteille",
    "DLC garantie au client": "30 jour(s)"
  },
  {
    "Rayon": "Crèmerie Œufs Fromages",
    "Libellé produit": "Vache qui rit 19.5 % m.g.",
    "Marque": "BEL",
    "Code Produit": "409524",
    "Température": "Frais",
    "Conditionnement": "Portion de 17.5 g. Coffret de 80 portions.",
    "Unité de commande": "coffret",
    "Prix": "19,43 EUR",
    "Prix à l'unité de mesure": "13,88 EUR / kg",
    "Prix à la portion": "0,24 EUR / Portion",
    "DLC garantie au client": "7 jour(s)"
  },
  {
    "Rayon": "Boissons",
    "Libellé produit": "Jus d'Orange Valencia pressée",
    "Marque": "ANDROS ORIGINE",
    "Code Produit": "410114",
    "Température": "Surgele",
    "Conditionnement": "Portion de 3 kg. Colis de 3 portions.",
    "Unité de commande": "colis",
    "Prix": "34,78 EUR",
    "Prix à l'unité de mesure": "3,86 EUR / kg",
    "Prix à la portion": "11,59 EUR / Portion",
    "DLC garantie au client": "30 jour(s)"
  },
  {
    "Rayon": "Boissons",
    "Libellé produit": "Cristaline",
    "Marque": "CRISTALINE",
    "Code Produit": "410605",
    "Température": "Ambiant",
    "Conditionnement": "Portion de 500 ml. Colis de 24 portions.",
    "Unité de commande": "colis",
    "Prix": "3,88 EUR",
    "Prix à l'unité de mesure": "0,32 EUR / L",
    "Prix à la portion": "0,16 EUR / Portion",
    "DLC garantie au client": "30 jour(s)"
  },
  {
    "Rayon": "Accompagnements Assaisonnement",
    "Libellé produit": "Tomates concassées fines pulpe",
    "Marque": "MUTTI",
    "Code Produit": "410707",
    "Température": "Ambiant",
    "Conditionnement": "Poche de 5 kg. Colis de 2 poches.",
    "Unité de commande": "colis",
    "Prix": "23,72 EUR",
    "Prix à l'unité de mesure": "2,37 EUR / kg",
    "Prix à la portion": "11,86 EUR / poche",
    "DLC garantie au client": "30 jour(s)"
  },
  {
    "Rayon": "Fruits et Légumes",
    "Libellé produit": "Chou chinois. catégorie 1",
    "Marque": "STKFL",
    "Code Produit": "411006",
    "Température": "Frais",
    "Conditionnement": "Par pièce de 800 g.",
    "Unité de commande": "pièce",
    "Prix": "2,51 EUR",
    "Prix à l'unité de mesure": "3,14 EUR / kg",
    "Prix à la portion": "",
    "DLC garantie au client": ""
  },
  {
    "Rayon": "Épicerie",
    "Libellé produit": "Tapenade noire",
    "Marque": "LES METS DE PROVENCE",
    "Code Produit": "412122",
    "Température": "Ambiant",
    "Conditionnement": "Par bocal de 470 g. Colis de 6 bocaux.",
    "Unité de commande": "bocal",
    "Prix": "5,61 EUR",
    "Prix à l'unité de mesure": "11,94 EUR / kg",
    "Prix à la portion": "33,68 EUR / colis",
    "DLC garantie au client": "30 jour(s)"
  },
  {
    "Rayon": "Accompagnements Assaisonnement",
    "Libellé produit": "Clous de girofle",
    "Marque": "DUCROS",
    "Code Produit": "412643",
    "Température": "Ambiant",
    "Conditionnement": "Par boite de 165 g. Colis de 6 boites.",
    "Unité de commande": "boite",
    "Prix": "8,35 EUR",
    "Prix à l'unité de mesure": "50,62 EUR / kg",
    "Prix à la portion": "50,11 EUR / colis",
    "DLC garantie au client": "30 jour(s)"
  },
  {
    "Rayon": "Accompagnements Assaisonnement",
    "Libellé produit": "Quatre épices en poudre",
    "Marque": "DUCROS",
    "Code Produit": "412676",
    "Température": "Ambiant",
    "Conditionnement": "Par boite de 200 g. Colis de 6 boites.",
    "Unité de commande": "boite",
    "Prix": "7,27 EUR",
    "Prix à l'unité de mesure": "36,34 EUR / kg",
    "Prix à la portion": "43,60 EUR / colis",
    "DLC garantie au client": "30 jour(s)"
  },
  {
    "Rayon": "Accompagnements Assaisonnement",
    "Libellé produit": "Sel gros",
    "Marque": "CEREBOS",
    "Code Produit": "412775",
    "Température": "Ambiant",
    "Conditionnement": "Par seau de 5 kg.",
    "Unité de commande": "seau",
    "Prix": "6,31 EUR",
    "Prix à l'unité de mesure": "1,26 EUR / kg",
    "Prix à la portion": "",
    "DLC garantie au client": ""
  },
  {
    "Rayon": "Accompagnements Assaisonnement",
    "Libellé produit": "Sel fin",
    "Marque": "CEREBOS",
    "Code Produit": "412783",
    "Température": "Ambiant",
    "Conditionnement": "Par seau de 5 kg.",
    "Unité de commande": "seau",
    "Prix": "5,59 EUR",
    "Prix à l'unité de mesure": "1,12 EUR / kg",
    "Prix à la portion": "",
    "DLC garantie au client": ""
  },
  {
    "Rayon": "Épicerie",
    "Libellé produit": "Sirop d'érable",
    "Marque": "MAPLE JOE",
    "Code Produit": "413105",
    "Température": "Ambiant",
    "Conditionnement": "Par bouteille de 1 litre. Colis de 6 bouteilles.",
    "Unité de commande": "bouteille",
    "Prix": "20,68 EUR",
    "Prix à l'unité de mesure": "20,68 EUR / L",
    "Prix à la portion": "124,07 EUR / colis",
    "DLC garantie au client": "30 jour(s)"
  },
  {
    "Rayon": "Fruits et Légumes",
    "Libellé produit": "Concombre 5/6. catégorie 1",
    "Marque": "STKFL",
    "Code Produit": "413236",
    "Température": "Frais",
    "Conditionnement": "Par pièce de 600 g. Colis de 12 pièces.",
    "Unité de commande": "pièce",
    "Prix": "1,10 EUR",
    "Prix à l'unité de mesure": "1,83 EUR / kg",
    "Prix à la portion": "13,19 EUR / colis",
    "DLC garantie au client": ""
  },
  {
    "Rayon": "Crèmerie Œufs Fromages",
    "Libellé produit": "Crème sucrée sous pression. 37 % m.g.",
    "Marque": "DEBIC",
    "Code Produit": "414409",
    "Température": "Frais",
    "Conditionnement": "Par bombe de 700 ml. Colis de 6 bombes.",
    "Unité de commande": "bombe",
    "Prix": "8,55 EUR",
    "Prix à l'unité de mesure": "12,21 EUR / L",
    "Prix à la portion": "51,29 EUR / colis",
    "DLC garantie au client": "7 jour(s)"
  },
  {
    "Rayon": "Accompagnements Assaisonnement",
    "Libellé produit": "Mise en place primerba basilic",
    "Marque": "KNORR",
    "Code Produit": "416255",
    "Température": "Ambiant",
    "Conditionnement": "Par pot de 340 g. Colis de 2 pots.",
    "Unité de commande": "pot",
    "Prix": "13,75 EUR",
    "Prix à l'unité de mesure": "40,44 EUR / kg",
    "Prix à la portion": "27,50 EUR / colis",
    "DLC garantie au client": "30 jour(s)"
  },
  {
    "Rayon": "Accompagnements Assaisonnement",
    "Libellé produit": "Mise en place Aneth",
    "Marque": "KNORR",
    "Code Produit": "416263",
    "Température": "Ambiant",
    "Conditionnement": "Par pot de 340 g. Colis de 2 pots.",
    "Unité de commande": "pot",
    "Prix": "14,94 EUR",
    "Prix à l'unité de mesure": "43,94 EUR / kg",
    "Prix à la portion": "29,88 EUR / colis",
    "DLC garantie au client": "30 jour(s)"
  },
  {
    "Rayon": "Boissons",
    "Libellé produit": "Mojito 17°. the fetichist",
    "Marque": "THE FETICHIST",
    "Code Produit": "416884",
    "Température": "Ambiant",
    "Conditionnement": "Par bouteille de 1 litre. Colis de 6 bouteilles.",
    "Unité de commande": "bouteille",
    "Prix": "24,17 EUR",
    "Prix à l'unité de mesure": "24,17 EUR / L",
    "Prix à la portion": "145,02 EUR / colis",
    "DLC garantie au client": ""
  },
  {
    "Rayon": "Boissons",
    "Libellé produit": "Moscow mule 17.9°. the fetichist",
    "Marque": "THE FETICHIST",
    "Code Produit": "416885",
    "Température": "Ambiant",
    "Conditionnement": "Par bouteille de 1 litre. Colis de 6 bouteilles.",
    "Unité de commande": "bouteille",
    "Prix": "24,17 EUR",
    "Prix à l'unité de mesure": "24,17 EUR / L",
    "Prix à la portion": "145,02 EUR / colis",
    "DLC garantie au client": ""
  },
  {
    "Rayon": "Boissons",
    "Libellé produit": "Negroni 25.7°. the fetichist",
    "Marque": "THE FETICHIST",
    "Code Produit": "416886",
    "Température": "Ambiant",
    "Conditionnement": "Par bouteille de 1 litre. Colis de 6 bouteilles.",
    "Unité de commande": "bouteille",
    "Prix": "33,83 EUR",
    "Prix à l'unité de mesure": "33,83 EUR / L",
    "Prix à la portion": "202,98 EUR / colis",
    "DLC garantie au client": ""
  },
  {
    "Rayon": "Boissons",
    "Libellé produit": "Pornstar martini 16.5°. the fetichist",
    "Marque": "THE FETICHIST",
    "Code Produit": "416887",
    "Température": "Ambiant",
    "Conditionnement": "Par bouteille de 1 litre. Colis de 6 bouteilles.",
    "Unité de commande": "bouteille",
    "Prix": "24,17 EUR",
    "Prix à l'unité de mesure": "24,17 EUR / L",
    "Prix à la portion": "145,02 EUR / colis",
    "DLC garantie au client": ""
  },
  {
    "Rayon": "Boissons",
    "Libellé produit": "Sex on the beach. the fetichist",
    "Marque": "THE FETICHIST",
    "Code Produit": "416888",
    "Température": "Ambiant",
    "Conditionnement": "Par bag in box de 5 litre.",
    "Unité de commande": "bag in box",
    "Prix": "75,00 EUR",
    "Prix à l'unité de mesure": "15,00 EUR / L",
    "Prix à la portion": "",
    "DLC garantie au client": ""
  },
  {
    "Rayon": "Épicerie",
    "Libellé produit": "Infusion Verveine 100 sachets. fraicheur",
    "Marque": "LIPTON",
    "Code Produit": "416982",
    "Température": "Ambiant",
    "Conditionnement": "Portion de 1.5 g. Boite de 100 portions.",
    "Unité de commande": "boite",
    "Prix": "9,26 EUR",
    "Prix à l'unité de mesure": "61,75 EUR / kg",
    "Prix à la portion": "0,09 EUR / Portion",
    "DLC garantie au client": "30 jour(s)"
  },
  {
    "Rayon": "Pâtisserie Biscuiterie Confiserie",
    "Libellé produit": "Pectine 325 nh 95",
    "Marque": "LOUIS FRANCOIS",
    "Code Produit": "417527",
    "Température": "Ambiant",
    "Conditionnement": "Par boite de 1 kg. Colis de 12 boites.",
    "Unité de commande": "boite",
    "Prix": "48,43 EUR",
    "Prix à l'unité de mesure": "48,43 EUR / kg",
    "Prix à la portion": "581,11 EUR / colis",
    "DLC garantie au client": "30 jour(s)"
  },
  {
    "Rayon": "Charcuterie Traiteur",
    "Libellé produit": "Pate à filo. 18 à 20 feuilles",
    "Marque": "JR",
    "Code Produit": "418558",
    "Température": "Frais",
    "Conditionnement": "Par paquet de 500 g. Colis de 10 paquets.",
    "Unité de commande": "paquet",
    "Prix": "3,02 EUR",
    "Prix à l'unité de mesure": "6,05 EUR / kg",
    "Prix à la portion": "30,23 EUR / colis",
    "DLC garantie au client": "7 jour(s)"
  },
  {
    "Rayon": "Pâtisserie Biscuiterie Confiserie",
    "Libellé produit": "Purée de rhubarbe. non sucrée",
    "Marque": "LES VERGERS BOIRON",
    "Code Produit": "421628",
    "Température": "Surgele",
    "Conditionnement": "Par barquette de 1 kg. Colis de 6 barquettes.",
    "Unité de commande": "barquette",
    "Prix": "9,33 EUR",
    "Prix à l'unité de mesure": "9,33 EUR / kg",
    "Prix à la portion": "55,96 EUR / colis",
    "DLC garantie au client": "30 jour(s)"
  },
  {
    "Rayon": "Fruits et Légumes",
    "Libellé produit": "Citron vert. catégorie 1",
    "Marque": "STKFL",
    "Code Produit": "422721",
    "Température": "Frais",
    "Conditionnement": "Par filet de 1 kg.",
    "Unité de commande": "filet",
    "Prix": "2,93 EUR",
    "Prix à l'unité de mesure": "2,93 EUR / kg",
    "Prix à la portion": "",
    "DLC garantie au client": ""
  },
  {
    "Rayon": "Fruits et Légumes",
    "Libellé produit": "Banane moyenne P20. catégorie 1",
    "Marque": "STKFL",
    "Code Produit": "422740",
    "Température": "Frais",
    "Conditionnement": "Portion de 178.571 g. Colis de 28 portions.",
    "Unité de commande": "colis",
    "Prix": "8,89 EUR",
    "Prix à l'unité de mesure": "1,78 EUR / kg",
    "Prix à la portion": "0,32 EUR / Portion",
    "DLC garantie au client": ""
  },
  {
    "Rayon": "Fruits et Légumes",
    "Libellé produit": "Pomelos. catégorie1. 55 fruits",
    "Marque": "STKFL",
    "Code Produit": "422788",
    "Température": "Frais",
    "Conditionnement": "Pièce de 272 g. Colis de 55 pièces.",
    "Unité de commande": "colis",
    "Prix": "26,56 EUR",
    "Prix à l'unité de mesure": "1,78 EUR / kg",
    "Prix à la portion": "0,48 EUR / pièce",
    "DLC garantie au client": ""
  },
  {
    "Rayon": "Fruits et Légumes",
    "Libellé produit": "Champignon blanc Paris 500 g",
    "Marque": "STKFL",
    "Code Produit": "422882",
    "Température": "Frais",
    "Conditionnement": "Par barquette de 500 g.",
    "Unité de commande": "barquette",
    "Prix": "2,28 EUR",
    "Prix à l'unité de mesure": "4,56 EUR / kg",
    "Prix à la portion": "",
    "DLC garantie au client": ""
  },
  {
    "Rayon": "Fruits et Légumes",
    "Libellé produit": "Kiwi cal 39. catégorie 1",
    "Marque": "STKFL",
    "Code Produit": "422904",
    "Température": "Frais",
    "Conditionnement": "Pièce de 78 g. Colis de 39 pièces.",
    "Unité de commande": "colis",
    "Prix": "10,84 EUR",
    "Prix à l'unité de mesure": "3,56 EUR / kg",
    "Prix à la portion": "0,28 EUR / pièce",
    "DLC garantie au client": ""
  },
  {
    "Rayon": "Accompagnements Assaisonnement",
    "Libellé produit": "Spaghetti ultra résistante",
    "Marque": "PANZANI",
    "Code Produit": "423459",
    "Température": "Ambiant",
    "Conditionnement": "Par sac de 5 kg.",
    "Unité de commande": "sac",
    "Prix": "16,50 EUR",
    "Prix à l'unité de mesure": "3,30 EUR / kg",
    "Prix à la portion": "",
    "DLC garantie au client": "30 jour(s)"
  },
  {
    "Rayon": "Accompagnements Assaisonnement",
    "Libellé produit": "Mélange tandoori",
    "Marque": "DUCROS",
    "Code Produit": "424887",
    "Température": "Ambiant",
    "Conditionnement": "Par boite de 240 g. Colis de 6 boites.",
    "Unité de commande": "boite",
    "Prix": "7,91 EUR",
    "Prix à l'unité de mesure": "32,95 EUR / kg",
    "Prix à la portion": "47,45 EUR / colis",
    "DLC garantie au client": "30 jour(s)"
  },
  {
    "Rayon": "Crèmerie Œufs Fromages",
    "Libellé produit": "oeuf entier liquide",
    "Marque": "SERVIS OEUF",
    "Code Produit": "425322",
    "Température": "Frais",
    "Conditionnement": "Par bidon de 5 kg.",
    "Unité de commande": "bidon",
    "Prix": "19,42 EUR",
    "Prix à l'unité de mesure": "3,88 EUR / kg",
    "Prix à la portion": "",
    "DLC garantie au client": "7 jour(s)"
  },
  {
    "Rayon": "Accompagnements Assaisonnement",
    "Libellé produit": "Moutarde Savora Bocal 385g",
    "Marque": "SAVORA",
    "Code Produit": "425967",
    "Température": "Ambiant",
    "Conditionnement": "Par pot de 385 g. Colis de 12 pots.",
    "Unité de commande": "pot",
    "Prix": "4,06 EUR",
    "Prix à l'unité de mesure": "10,56 EUR / kg",
    "Prix à la portion": "48,77 EUR / colis",
    "DLC garantie au client": "30 jour(s)"
  },
  {
    "Rayon": "Fruits et Légumes",
    "Libellé produit": "Mangue. catégorie 1",
    "Marque": "STKFL",
    "Code Produit": "429360",
    "Température": "Frais",
    "Conditionnement": "Par barquette de 500 g.",
    "Unité de commande": "barquette",
    "Prix": "2,21 EUR",
    "Prix à l'unité de mesure": "4,42 EUR / kg",
    "Prix à la portion": "",
    "DLC garantie au client": ""
  },
  {
    "Rayon": "Fruits et Légumes",
    "Libellé produit": "Fruit de la passion. catégorie 1",
    "Marque": "STKFL",
    "Code Produit": "429362",
    "Température": "Frais",
    "Conditionnement": "Par barquette de 800 g.",
    "Unité de commande": "barquette",
    "Prix": "9,29 EUR",
    "Prix à l'unité de mesure": "11,61 EUR / kg",
    "Prix à la portion": "",
    "DLC garantie au client": ""
  },
  {
    "Rayon": "Fruits et Légumes",
    "Libellé produit": "Pomelos. catégorie 1",
    "Marque": "STKFL",
    "Code Produit": "429367",
    "Température": "Frais",
    "Conditionnement": "Par barquette de 1.332 kg.",
    "Unité de commande": "barquette",
    "Prix": "2,55 EUR",
    "Prix à l'unité de mesure": "1,91 EUR / kg",
    "Prix à la portion": "",
    "DLC garantie au client": ""
  },
  {
    "Rayon": "Fruits et Légumes",
    "Libellé produit": "Radis rose. France. catégorie 1",
    "Marque": "STKFL",
    "Code Produit": "429368",
    "Température": "Frais",
    "Conditionnement": "Par barquette de 600 g.",
    "Unité de commande": "barquette",
    "Prix": "2,22 EUR",
    "Prix à l'unité de mesure": "3,70 EUR / kg",
    "Prix à la portion": "",
    "DLC garantie au client": ""
  },
  {
    "Rayon": "Fruits et Légumes",
    "Libellé produit": "Concombre. catégorie 1",
    "Marque": "STKFL",
    "Code Produit": "429369",
    "Température": "Frais",
    "Conditionnement": "Par barquette de 900 g.",
    "Unité de commande": "barquette",
    "Prix": "2,11 EUR",
    "Prix à l'unité de mesure": "2,34 EUR / kg",
    "Prix à la portion": "",
    "DLC garantie au client": ""
  },
  {
    "Rayon": "Fruits et Légumes",
    "Libellé produit": "Chou fleur. catégorie 1",
    "Marque": "STKFL",
    "Code Produit": "429370",
    "Température": "Frais",
    "Conditionnement": "Par barquette de 1.3 kg.",
    "Unité de commande": "barquette",
    "Prix": "2,68 EUR",
    "Prix à l'unité de mesure": "2,06 EUR / kg",
    "Prix à la portion": "",
    "DLC garantie au client": ""
  },
  {
    "Rayon": "Crèmerie Œufs Fromages",
    "Libellé produit": "Brassé végétal au lait de coco",
    "Marque": "ANDROS",
    "Code Produit": "430311",
    "Température": "Frais",
    "Conditionnement": "Pot de 400 g. Colis de 6 pots.",
    "Unité de commande": "colis",
    "Prix": "14,32 EUR",
    "Prix à l'unité de mesure": "5,97 EUR / kg",
    "Prix à la portion": "2,39 EUR / pot",
    "DLC garantie au client": "7 jour(s)"
  },
  {
    "Rayon": "Crèmerie Œufs Fromages",
    "Libellé produit": "Yaourt aux fraises 125g",
    "Marque": "BONNE MAMAN",
    "Code Produit": "430313",
    "Température": "Frais",
    "Conditionnement": "Lot de 250 g. Colis de 6 lots. Lot de 2 portions.",
    "Unité de commande": "colis",
    "Prix": "9,97 EUR",
    "Prix à l'unité de mesure": "6,64 EUR / kg",
    "Prix à la portion": "1,66 EUR / lot",
    "DLC garantie au client": "7 jour(s)"
  },
  {
    "Rayon": "Crèmerie Œufs Fromages",
    "Libellé produit": "Yaourt aux cerises 125g",
    "Marque": "BONNE MAMAN",
    "Code Produit": "430315",
    "Température": "Frais",
    "Conditionnement": "Lot de 250 g. Colis de 6 lots. Lot de 2 portions.",
    "Unité de commande": "colis",
    "Prix": "9,97 EUR",
    "Prix à l'unité de mesure": "6,64 EUR / kg",
    "Prix à la portion": "1,66 EUR / lot",
    "DLC garantie au client": "7 jour(s)"
  },
  {
    "Rayon": "Crèmerie Œufs Fromages",
    "Libellé produit": "Yaourt aux abricots 125g",
    "Marque": "BONNE MAMAN",
    "Code Produit": "430316",
    "Température": "Frais",
    "Conditionnement": "Lot de 250 g. Colis de 6 lots. Lot de 2 portions.",
    "Unité de commande": "colis",
    "Prix": "9,97 EUR",
    "Prix à l'unité de mesure": "6,64 EUR / kg",
    "Prix à la portion": "1,66 EUR / lot",
    "DLC garantie au client": "7 jour(s)"
  },
  {
    "Rayon": "Fruits et Légumes",
    "Libellé produit": "Germe de poireau",
    "Marque": "WOFOO",
    "Code Produit": "431815",
    "Température": "Frais",
    "Conditionnement": "Par barquette de 65 g. Colis de 8 barquettes.",
    "Unité de commande": "barquette",
    "Prix": "1,26 EUR",
    "Prix à l'unité de mesure": "19,45 EUR / kg",
    "Prix à la portion": "10,11 EUR / colis",
    "DLC garantie au client": "3 jour(s)"
  },
  {
    "Rayon": "Crèmerie Œufs Fromages",
    "Libellé produit": "Yaourt nature bio",
    "Marque": "DANONE",
    "Code Produit": "431982",
    "Température": "Frais",
    "Conditionnement": "Plaque de 460 g. Colis de 12 plaques. Plaque de 4 portions.",
    "Unité de commande": "colis",
    "Prix": "21,50 EUR",
    "Prix à l'unité de mesure": "3,90 EUR / kg",
    "Prix à la portion": "1,79 EUR / plaque",
    "DLC garantie au client": "7 jour(s)"
  },
  {
    "Rayon": "Poissons Coquillages Crustacés",
    "Libellé produit": "Crevette entière cru sauvage. madagascar. calibre 12/16",
    "Marque": "GEL PECHE",
    "Code Produit": "432013",
    "Température": "Surgele",
    "Conditionnement": "Par boite de 800 g. Colis de 10 boites.",
    "Unité de commande": "boite",
    "Prix": "22,78 EUR",
    "Prix à l'unité de mesure": "28,48 EUR / kg",
    "Prix à la portion": "227,81 EUR / colis",
    "DLC garantie au client": "30 jour(s)"
  },
  {
    "Rayon": "Boissons",
    "Libellé produit": "Jus d'orange fraîchement. pressé avec pulpe",
    "Marque": "JUSTE PRESSE",
    "Code Produit": "432097",
    "Température": "Frais",
    "Conditionnement": "Par bouteille de 2.081 kg. Colis de 6 bouteilles.",
    "Unité de commande": "bouteille",
    "Prix": "7,49 EUR",
    "Prix à l'unité de mesure": "3,60 EUR / kg",
    "Prix à la portion": "44,91 EUR / colis",
    "DLC garantie au client": "7 jour(s)"
  },
  {
    "Rayon": "Boissons",
    "Libellé produit": "Jus ace fraîchement pressé. pomme orange carotte citron",
    "Marque": "JUSTE PRESSE",
    "Code Produit": "432098",
    "Température": "Frais",
    "Conditionnement": "Par bouteille de 2.081 kg. Colis de 6 bouteilles.",
    "Unité de commande": "bouteille",
    "Prix": "7,18 EUR",
    "Prix à l'unité de mesure": "3,45 EUR / kg",
    "Prix à la portion": "43,06 EUR / colis",
    "DLC garantie au client": "7 jour(s)"
  },
  {
    "Rayon": "Boissons",
    "Libellé produit": "Jus green fraîchement pressé. pomme concombre citron",
    "Marque": "JUSTE PRESSE",
    "Code Produit": "432099",
    "Température": "Frais",
    "Conditionnement": "Par bouteille de 2.081 kg. Colis de 6 bouteilles.",
    "Unité de commande": "bouteille",
    "Prix": "6,91 EUR",
    "Prix à l'unité de mesure": "3,32 EUR / kg",
    "Prix à la portion": "41,47 EUR / colis",
    "DLC garantie au client": "7 jour(s)"
  },
  {
    "Rayon": "Poissons Coquillages Crustacés",
    "Libellé produit": "Longe d'espadon avec peau avec. ligne de sang, sans os. décongelé",
    "Marque": "",
    "Code Produit": "432229",
    "Température": "Frais",
    "Conditionnement": "Par boite de 4 kg.",
    "Unité de commande": "boite",
    "Prix": "69,20 EUR",
    "Prix à l'unité de mesure": "17,30 EUR / kg",
    "Prix à la portion": "",
    "DLC garantie au client": "3 jour(s)"
  },
  {
    "Rayon": "Poissons Coquillages Crustacés",
    "Libellé produit": "Filet de saumon trim b",
    "Marque": "",
    "Code Produit": "432230",
    "Température": "Frais",
    "Conditionnement": "Portion de 1.75 kg. Pièce de 4 portions.",
    "Unité de commande": "pièce",
    "Prix": "122,50 EUR",
    "Prix à l'unité de mesure": "17,50 EUR / kg",
    "Prix à la portion": "30,63 EUR / Portion",
    "DLC garantie au client": ""
  },
  {
    "Rayon": "Boissons",
    "Libellé produit": "Jus de tomate et menthe",
    "Marque": "ANDROS SIGNATURE",
    "Code Produit": "432258",
    "Température": "Ambiant",
    "Conditionnement": "Bouteille de 250 ml. Colis de 12 bouteilles.",
    "Unité de commande": "colis",
    "Prix": "27,86 EUR",
    "Prix à l'unité de mesure": "9,29 EUR / L",
    "Prix à la portion": "2,32 EUR / bouteille",
    "DLC garantie au client": "7 jour(s)"
  },
  {
    "Rayon": "Boissons",
    "Libellé produit": "Jus de fraise et basilic",
    "Marque": "ANDROS SIGNATURE",
    "Code Produit": "432259",
    "Température": "Ambiant",
    "Conditionnement": "Bouteille de 250 ml. Colis de 12 bouteilles.",
    "Unité de commande": "colis",
    "Prix": "30,08 EUR",
    "Prix à l'unité de mesure": "10,03 EUR / L",
    "Prix à la portion": "2,51 EUR / bouteille",
    "DLC garantie au client": "7 jour(s)"
  },
  {
    "Rayon": "Boissons",
    "Libellé produit": "Jus d'abricot et romarin",
    "Marque": "ANDROS SIGNATURE",
    "Code Produit": "432260",
    "Température": "Frais",
    "Conditionnement": "Bouteille de 250 ml. Colis de 12 bouteilles.",
    "Unité de commande": "colis",
    "Prix": "27,92 EUR",
    "Prix à l'unité de mesure": "9,31 EUR / L",
    "Prix à la portion": "2,33 EUR / bouteille",
    "DLC garantie au client": "7 jour(s)"
  },
  {
    "Rayon": "Boissons",
    "Libellé produit": "Jus de pomme et verveine",
    "Marque": "ANDROS SIGNATURE",
    "Code Produit": "432261",
    "Température": "Ambiant",
    "Conditionnement": "Bouteille de 250 ml. Colis de 12 bouteilles.",
    "Unité de commande": "colis",
    "Prix": "28,13 EUR",
    "Prix à l'unité de mesure": "9,38 EUR / L",
    "Prix à la portion": "2,34 EUR / bouteille",
    "DLC garantie au client": "7 jour(s)"
  },
  {
    "Rayon": "Boissons",
    "Libellé produit": "Jus d'ananas et citron vert",
    "Marque": "ANDROS SIGNATURE",
    "Code Produit": "432262",
    "Température": "Frais",
    "Conditionnement": "Bouteille de 250 ml. Colis de 12 bouteilles.",
    "Unité de commande": "colis",
    "Prix": "30,71 EUR",
    "Prix à l'unité de mesure": "10,24 EUR / L",
    "Prix à la portion": "2,56 EUR / bouteille",
    "DLC garantie au client": "7 jour(s)"
  },
  {
    "Rayon": "Boissons",
    "Libellé produit": "Jus d'orange et yuzu",
    "Marque": "ANDROS SIGNATURE",
    "Code Produit": "432263",
    "Température": "Ambiant",
    "Conditionnement": "Bouteille de 250 ml. Colis de 12 bouteilles.",
    "Unité de commande": "colis",
    "Prix": "30,82 EUR",
    "Prix à l'unité de mesure": "10,27 EUR / L",
    "Prix à la portion": "2,57 EUR / bouteille",
    "DLC garantie au client": "7 jour(s)"
  },
  {
    "Rayon": "Poissons Coquillages Crustacés",
    "Libellé produit": "Dos de cabillaud",
    "Marque": "",
    "Code Produit": "432368",
    "Température": "Frais",
    "Conditionnement": "Par pièce de 3 kg.",
    "Unité de commande": "pièce",
    "Prix": "80,70 EUR",
    "Prix à l'unité de mesure": "26,90 EUR / kg",
    "Prix à la portion": "",
    "DLC garantie au client": ""
  },
  {
    "Rayon": "Crèmerie Œufs Fromages",
    "Libellé produit": "Grana padano pointe aop",
    "Marque": "AMBROSI",
    "Code Produit": "432561",
    "Température": "Frais",
    "Conditionnement": "Par pièce de 1 kg. Colis de 10 pièces.",
    "Unité de commande": "pièce",
    "Prix": "17,38 EUR",
    "Prix à l'unité de mesure": "17,38 EUR / kg",
    "Prix à la portion": "173,82 EUR / colis",
    "DLC garantie au client": "7 jour(s)"
  },
  {
    "Rayon": "Accompagnements Assaisonnement",
    "Libellé produit": "Riz étuvé spécial risotto et. paëlla",
    "Marque": "VIVIEN PAILLE",
    "Code Produit": "438126",
    "Température": "Ambiant",
    "Conditionnement": "Par sachet de 2.5 kg.",
    "Unité de commande": "sachet",
    "Prix": "8,39 EUR",
    "Prix à l'unité de mesure": "3,36 EUR / kg",
    "Prix à la portion": "",
    "DLC garantie au client": "30 jour(s)"
  },
  {
    "Rayon": "Pâtisserie Biscuiterie Confiserie",
    "Libellé produit": "Farine pour tempura",
    "Marque": "GOLDEN TURTLE FOR CHEFS",
    "Code Produit": "438228",
    "Température": "Ambiant",
    "Conditionnement": "Par sachet de 1 kg. Colis de 10 sachets.",
    "Unité de commande": "sachet",
    "Prix": "5,58 EUR",
    "Prix à l'unité de mesure": "5,58 EUR / kg",
    "Prix à la portion": "55,77 EUR / colis",
    "DLC garantie au client": "60 jour(s)"
  },
  {
    "Rayon": "Crèmerie Œufs Fromages",
    "Libellé produit": "Brie de Meaux aop 3/4 affiné. sur paille",
    "Marque": "DONGE",
    "Code Produit": "442938",
    "Température": "Frais",
    "Conditionnement": "Par pièce de 2.8 kg.",
    "Unité de commande": "pièce",
    "Prix": "46,14 EUR",
    "Prix à l'unité de mesure": "16,48 EUR / kg",
    "Prix à la portion": "",
    "DLC garantie au client": "5 jour(s)"
  },
  {
    "Rayon": "Accompagnements Assaisonnement",
    "Libellé produit": "Petits pois doux très fins. minute ce2",
    "Marque": "BONDUELLE FOOD SERVICE",
    "Code Produit": "443465",
    "Température": "Surgele",
    "Conditionnement": "Par sachet de 2.5 kg. Colis de 4 sachets.",
    "Unité de commande": "sachet",
    "Prix": "7,58 EUR",
    "Prix à l'unité de mesure": "3,03 EUR / kg",
    "Prix à la portion": "30,32 EUR / colis",
    "DLC garantie au client": "30 jour(s)"
  },
  {
    "Rayon": "Charcuterie Traiteur",
    "Libellé produit": "Macédoine de légumes cuit. express ce2",
    "Marque": "D'AUCY",
    "Code Produit": "444026",
    "Température": "Surgele",
    "Conditionnement": "Par sachet de 2.5 kg. Colis de 4 sachets.",
    "Unité de commande": "sachet",
    "Prix": "5,68 EUR",
    "Prix à l'unité de mesure": "2,27 EUR / kg",
    "Prix à la portion": "22,70 EUR / colis",
    "DLC garantie au client": "30 jour(s)"
  },
  {
    "Rayon": "Accompagnements Assaisonnement",
    "Libellé produit": "Poivrons rouges et verts",
    "Marque": "BONDUELLE FOOD SERVICE",
    "Code Produit": "444240",
    "Température": "Surgele",
    "Conditionnement": "Par sachet de 2.5 kg. Colis de 4 sachets.",
    "Unité de commande": "sachet",
    "Prix": "10,30 EUR",
    "Prix à l'unité de mesure": "4,12 EUR / kg",
    "Prix à la portion": "41,20 EUR / colis",
    "DLC garantie au client": "30 jour(s)"
  },
  {
    "Rayon": "Accompagnements Assaisonnement",
    "Libellé produit": "Echalote hachée cube",
    "Marque": "DAREGAL",
    "Code Produit": "446898",
    "Température": "Surgele",
    "Conditionnement": "Par sachet de 250 g. Colis de 10 sachets.",
    "Unité de commande": "sachet",
    "Prix": "1,96 EUR",
    "Prix à l'unité de mesure": "7,84 EUR / kg",
    "Prix à la portion": "19,59 EUR / colis",
    "DLC garantie au client": "30 jour(s)"
  },
  {
    "Rayon": "Accompagnements Assaisonnement",
    "Libellé produit": "Vinaigre d'alcool blanc 8°",
    "Marque": "STIMULA",
    "Code Produit": "448712",
    "Température": "Ambiant",
    "Conditionnement": "Par bidon de 10 litre.",
    "Unité de commande": "bidon",
    "Prix": "8,14 EUR",
    "Prix à l'unité de mesure": "0,81 EUR / L",
    "Prix à la portion": "",
    "DLC garantie au client": ""
  },
  {
    "Rayon": "Accompagnements Assaisonnement",
    "Libellé produit": "Vinaigre de vin rouge 6°",
    "Marque": "STIMULA",
    "Code Produit": "448746",
    "Température": "Ambiant",
    "Conditionnement": "Par bidon de 10 litre.",
    "Unité de commande": "bidon",
    "Prix": "10,80 EUR",
    "Prix à l'unité de mesure": "1,08 EUR / L",
    "Prix à la portion": "",
    "DLC garantie au client": ""
  },
  {
    "Rayon": "Pâtisserie Biscuiterie Confiserie",
    "Libellé produit": "Pâte à glacer brune",
    "Marque": "CACAO BARRY",
    "Code Produit": "449173",
    "Température": "Ambiant",
    "Conditionnement": "Par seau de 5 kg. Colis de 4 seaux.",
    "Unité de commande": "seau",
    "Prix": "32,05 EUR",
    "Prix à l'unité de mesure": "6,41 EUR / kg",
    "Prix à la portion": "128,18 EUR / colis",
    "DLC garantie au client": "30 jour(s)"
  },
  {
    "Rayon": "Épicerie",
    "Libellé produit": "Miel de fleurs liquide",
    "Marque": "LUNE DE MIEL",
    "Code Produit": "450101",
    "Température": "Ambiant",
    "Conditionnement": "Portion de 20 g. Colis de 120 portions.",
    "Unité de commande": "colis",
    "Prix": "22,72 EUR",
    "Prix à l'unité de mesure": "9,47 EUR / kg",
    "Prix à la portion": "0,19 EUR / Portion",
    "DLC garantie au client": "30 jour(s)"
  },
  {
    "Rayon": "Crèmerie Œufs Fromages",
    "Libellé produit": "Gouda français 27% m.g.",
    "Marque": "LA VIE DE CHATEAU",
    "Code Produit": "452722",
    "Température": "Frais",
    "Conditionnement": "Portion de 25 g. Colis de 100 portions.",
    "Unité de commande": "colis",
    "Prix": "27,06 EUR",
    "Prix à l'unité de mesure": "10,82 EUR / kg",
    "Prix à la portion": "0,27 EUR / Portion",
    "DLC garantie au client": "7 jour(s)"
  },
  {
    "Rayon": "Fruits et Légumes",
    "Libellé produit": "Citron caviar rose",
    "Marque": "STKFL",
    "Code Produit": "454893",
    "Température": "Frais",
    "Conditionnement": "Par barquette de 100 g.",
    "Unité de commande": "barquette",
    "Prix": "14,61 EUR",
    "Prix à l'unité de mesure": "146,08 EUR / kg",
    "Prix à la portion": "",
    "DLC garantie au client": ""
  },
  {
    "Rayon": "Équipement Hygiène",
    "Libellé produit": "Feuille guitare. polyethylène basse densité",
    "Marque": "",
    "Code Produit": "455501",
    "Température": "Ambiant",
    "Conditionnement": "Paquet de 100 portions.",
    "Unité de commande": "paquet",
    "Prix": "13,81 EUR",
    "Prix à l'unité de mesure": "",
    "Prix à la portion": "0,14 EUR / Portion",
    "DLC garantie au client": ""
  },
  {
    "Rayon": "Pâtisserie Biscuiterie Confiserie",
    "Libellé produit": "Extrait de café",
    "Marque": "TRABLIT",
    "Code Produit": "456095",
    "Température": "Ambiant",
    "Conditionnement": "Par bouteille de 1 litre. Colis de 12 bouteilles.",
    "Unité de commande": "bouteille",
    "Prix": "35,16 EUR",
    "Prix à l'unité de mesure": "35,16 EUR / L",
    "Prix à la portion": "421,96 EUR / colis",
    "DLC garantie au client": "30 jour(s)"
  },
  {
    "Rayon": "Équipement Hygiène",
    "Libellé produit": "Cerclor sans impression. diam 26 cm",
    "Marque": "GAULT ET FREMONT",
    "Code Produit": "456186",
    "Température": "Ambiant",
    "Conditionnement": "Paquet de 100 portions.",
    "Unité de commande": "paquet",
    "Prix": "16,64 EUR",
    "Prix à l'unité de mesure": "",
    "Prix à la portion": "0,17 EUR / Portion",
    "DLC garantie au client": ""
  },
  {
    "Rayon": "Accompagnements Assaisonnement",
    "Libellé produit": "Jus de veau lié. pour 20 à 40 l",
    "Marque": "CHEF",
    "Code Produit": "456392",
    "Température": "Ambiant",
    "Conditionnement": "Par boite de 1.2 kg. Colis de 6 boites.",
    "Unité de commande": "boite",
    "Prix": "24,48 EUR",
    "Prix à l'unité de mesure": "20,40 EUR / kg",
    "Prix à la portion": "146,89 EUR / colis",
    "DLC garantie au client": "30 jour(s)"
  },
  {
    "Rayon": "Fruits et Légumes",
    "Libellé produit": "celeri rave rape",
    "Marque": "ROSEE DES CHAMPS",
    "Code Produit": "458701",
    "Température": "Frais",
    "Conditionnement": "Par barquette de 1 kg. Colis de 8 barquettes.",
    "Unité de commande": "barquette",
    "Prix": "2,79 EUR",
    "Prix à l'unité de mesure": "2,79 EUR / kg",
    "Prix à la portion": "22,35 EUR / colis",
    "DLC garantie au client": "4 jour(s)"
  },
  {
    "Rayon": "Accompagnements Assaisonnement",
    "Libellé produit": "Huile d'olive vierge extra",
    "Marque": "OLIVELLA",
    "Code Produit": "459917",
    "Température": "Ambiant",
    "Conditionnement": "Par bouteille de 1 litre. Colis de 15 bouteilles.",
    "Unité de commande": "bouteille",
    "Prix": "7,56 EUR",
    "Prix à l'unité de mesure": "7,56 EUR / L",
    "Prix à la portion": "113,39 EUR / colis",
    "DLC garantie au client": "30 jour(s)"
  },
  {
    "Rayon": "Viandes Volailles Gibier",
    "Libellé produit": "Noix de joue de boeuf",
    "Marque": "",
    "Code Produit": "460378",
    "Température": "Surgele",
    "Conditionnement": "Par colis de 5 kg.",
    "Unité de commande": "colis",
    "Prix": "60,35 EUR",
    "Prix à l'unité de mesure": "12,07 EUR / kg",
    "Prix à la portion": "",
    "DLC garantie au client": "30 jour(s)"
  },
  {
    "Rayon": "Pains Viennoiserie Pâtes",
    "Libellé produit": "Flûte précuite sur sole",
    "Marque": "BRIDOR",
    "Code Produit": "461194",
    "Température": "Surgele",
    "Conditionnement": "Portion de 70 g. Colis de 55 portions.",
    "Unité de commande": "colis",
    "Prix": "13,16 EUR",
    "Prix à l'unité de mesure": "3,42 EUR / kg",
    "Prix à la portion": "0,24 EUR / Portion",
    "DLC garantie au client": "30 jour(s)"
  },
  {
    "Rayon": "Accompagnements Assaisonnement",
    "Libellé produit": "Fonds brun lié",
    "Marque": "CHEF",
    "Code Produit": "461574",
    "Température": "Ambiant",
    "Conditionnement": "Par boite de 600 g. Colis de 6 boites.",
    "Unité de commande": "boite",
    "Prix": "12,95 EUR",
    "Prix à l'unité de mesure": "21,58 EUR / kg",
    "Prix à la portion": "77,67 EUR / colis",
    "DLC garantie au client": "30 jour(s)"
  },
  {
    "Rayon": "Accompagnements Assaisonnement",
    "Libellé produit": "Fumet de poisson",
    "Marque": "CHEF",
    "Code Produit": "461632",
    "Température": "Ambiant",
    "Conditionnement": "Par boite de 900 g. Colis de 6 boites.",
    "Unité de commande": "boite",
    "Prix": "21,73 EUR",
    "Prix à l'unité de mesure": "24,14 EUR / kg",
    "Prix à la portion": "130,36 EUR / colis",
    "DLC garantie au client": "30 jour(s)"
  },
  {
    "Rayon": "Épicerie",
    "Libellé produit": "Abricot oreillon préserve",
    "Marque": "DEL MONTE",
    "Code Produit": "462474",
    "Température": "Ambiant",
    "Conditionnement": "Par boite 4/4 de 825 g. Colis de 12 boites 4/4.",
    "Unité de commande": "boite 4/4",
    "Prix": "3,13 EUR",
    "Prix à l'unité de mesure": "3,80 EUR / kg",
    "Prix à la portion": "37,57 EUR / colis",
    "DLC garantie au client": "30 jour(s)"
  },
  {
    "Rayon": "Épicerie",
    "Libellé produit": "Ananas en morceaux au jus. (a10)",
    "Marque": "DEL MONTE",
    "Code Produit": "462475",
    "Température": "Ambiant",
    "Conditionnement": "Par boite 3/1 de 3.01 kg. Colis de 3 boites 3/1.",
    "Unité de commande": "boite 3/1",
    "Prix": "11,60 EUR",
    "Prix à l'unité de mesure": "3,85 EUR / kg",
    "Prix à la portion": "34,79 EUR / colis",
    "DLC garantie au client": "30 jour(s)"
  },
  {
    "Rayon": "Épicerie",
    "Libellé produit": "Ananas en tranches au jus. (a10)",
    "Marque": "DEL MONTE",
    "Code Produit": "462476",
    "Température": "Ambiant",
    "Conditionnement": "Par boite 3/1 de 3.01 kg. Colis de 3 boites 3/1.",
    "Unité de commande": "boite 3/1",
    "Prix": "11,60 EUR",
    "Prix à l'unité de mesure": "3,85 EUR / kg",
    "Prix à la portion": "34,79 EUR / colis",
    "DLC garantie au client": "30 jour(s)"
  },
  {
    "Rayon": "Épicerie",
    "Libellé produit": "Cocktail de fruits préserve",
    "Marque": "DEL MONTE",
    "Code Produit": "462477",
    "Température": "Ambiant",
    "Conditionnement": "Par boite 4/4 de 825 g. Colis de 12 boites 4/4.",
    "Unité de commande": "boite 4/4",
    "Prix": "3,24 EUR",
    "Prix à l'unité de mesure": "3,92 EUR / kg",
    "Prix à la portion": "38,82 EUR / colis",
    "DLC garantie au client": "30 jour(s)"
  },
  {
    "Rayon": "Épicerie",
    "Libellé produit": "Cocktail de fruits au jus",
    "Marque": "DEL MONTE",
    "Code Produit": "462478",
    "Température": "Ambiant",
    "Conditionnement": "Par boite 1/2 de 415 g. Colis de 12 boites 1/2.",
    "Unité de commande": "boite 1/2",
    "Prix": "1,72 EUR",
    "Prix à l'unité de mesure": "4,14 EUR / kg",
    "Prix à la portion": "20,59 EUR / colis",
    "DLC garantie au client": "30 jour(s)"
  },
  {
    "Rayon": "Épicerie",
    "Libellé produit": "Cocktail de fruits au jus. (a10)",
    "Marque": "DEL MONTE",
    "Code Produit": "462479",
    "Température": "Ambiant",
    "Conditionnement": "Par boite 3/1 de 3.005 kg. Colis de 3 boites 3/1.",
    "Unité de commande": "boite 3/1",
    "Prix": "11,50 EUR",
    "Prix à l'unité de mesure": "3,83 EUR / kg",
    "Prix à la portion": "34,51 EUR / colis",
    "DLC garantie au client": "30 jour(s)"
  },
  {
    "Rayon": "Épicerie",
    "Libellé produit": "Poire demi au jus",
    "Marque": "DEL MONTE",
    "Code Produit": "462480",
    "Température": "Ambiant",
    "Conditionnement": "Par boite 1/2 de 415 g. Colis de 12 boites 1/2.",
    "Unité de commande": "boite 1/2",
    "Prix": "1,65 EUR",
    "Prix à l'unité de mesure": "3,98 EUR / kg",
    "Prix à la portion": "19,82 EUR / colis",
    "DLC garantie au client": "30 jour(s)"
  },
  {
    "Rayon": "Accompagnements Assaisonnement",
    "Libellé produit": "Ketchup. bouchon propre",
    "Marque": "HEINZ",
    "Code Produit": "466656",
    "Température": "Ambiant",
    "Conditionnement": "Par flacon de 910 g. Colis de 8 flacons.",
    "Unité de commande": "flacon",
    "Prix": "5,81 EUR",
    "Prix à l'unité de mesure": "6,39 EUR / kg",
    "Prix à la portion": "46,49 EUR / colis",
    "DLC garantie au client": "30 jour(s)"
  },
  {
    "Rayon": "Pâtisserie Biscuiterie Confiserie",
    "Libellé produit": "Arôme amandes amères. flacon de 50 cl",
    "Marque": "SEBALCE",
    "Code Produit": "467514",
    "Température": "Ambiant",
    "Conditionnement": "Par flacon de 500 ml. Colis de 6 flacons.",
    "Unité de commande": "flacon",
    "Prix": "11,12 EUR",
    "Prix à l'unité de mesure": "22,23 EUR / L",
    "Prix à la portion": "66,70 EUR / colis",
    "DLC garantie au client": "30 jour(s)"
  },
  {
    "Rayon": "Desserts Glaces",
    "Libellé produit": "Mini canelé",
    "Marque": "BONCOLAC",
    "Code Produit": "470625",
    "Température": "Surgele",
    "Conditionnement": "Portion de 16 g. Colis de 150 portions.",
    "Unité de commande": "colis",
    "Prix": "27,22 EUR",
    "Prix à l'unité de mesure": "11,34 EUR / kg",
    "Prix à la portion": "0,18 EUR / Portion",
    "DLC garantie au client": "30 jour(s)"
  },
  {
    "Rayon": "Accompagnements Assaisonnement",
    "Libellé produit": "Huile meravella assaisonement. et rissolage",
    "Marque": "BORGES",
    "Code Produit": "471581",
    "Température": "Ambiant",
    "Conditionnement": "Par bouteille de 1 litre. Colis de 15 bouteilles.",
    "Unité de commande": "bouteille",
    "Prix": "4,57 EUR",
    "Prix à l'unité de mesure": "4,57 EUR / L",
    "Prix à la portion": "68,58 EUR / colis",
    "DLC garantie au client": "30 jour(s)"
  },
  {
    "Rayon": "Accompagnements Assaisonnement",
    "Libellé produit": "Vinaigre de vin arômatisé à. la framboise",
    "Marque": "BORGES",
    "Code Produit": "471599",
    "Température": "Ambiant",
    "Conditionnement": "Par bouteille de 1 litre. Colis de 15 bouteilles.",
    "Unité de commande": "bouteille",
    "Prix": "3,87 EUR",
    "Prix à l'unité de mesure": "3,87 EUR / L",
    "Prix à la portion": "57,99 EUR / colis",
    "DLC garantie au client": "30 jour(s)"
  },
  {
    "Rayon": "Accompagnements Assaisonnement",
    "Libellé produit": "Vinaigre de vin de Xérès. dop",
    "Marque": "BORGES",
    "Code Produit": "471607",
    "Température": "Ambiant",
    "Conditionnement": "Par bouteille de 1 litre. Colis de 15 bouteilles.",
    "Unité de commande": "bouteille",
    "Prix": "5,06 EUR",
    "Prix à l'unité de mesure": "5,06 EUR / L",
    "Prix à la portion": "75,96 EUR / colis",
    "DLC garantie au client": "30 jour(s)"
  },
  {
    "Rayon": "Fruits et Légumes",
    "Libellé produit": "Concombre entier sans peau",
    "Marque": "ROSEE DES CHAMPS",
    "Code Produit": "472879",
    "Température": "Frais",
    "Conditionnement": "Sachet de 5 kg. Colis de 2 sachets.",
    "Unité de commande": "colis",
    "Prix": "38,93 EUR",
    "Prix à l'unité de mesure": "3,89 EUR / kg",
    "Prix à la portion": "19,47 EUR / sachet",
    "DLC garantie au client": "4 jour(s)"
  },
  {
    "Rayon": "Épicerie",
    "Libellé produit": "Miel mille fleurs liquide",
    "Marque": "EUROMIEL",
    "Code Produit": "473868",
    "Température": "Ambiant",
    "Conditionnement": "Par pot de 1 kg. Colis de 6 pots.",
    "Unité de commande": "pot",
    "Prix": "5,72 EUR",
    "Prix à l'unité de mesure": "5,72 EUR / kg",
    "Prix à la portion": "34,30 EUR / colis",
    "DLC garantie au client": "30 jour(s)"
  },
  {
    "Rayon": "Accompagnements Assaisonnement",
    "Libellé produit": "Mise en place primerba pesto. rouge",
    "Marque": "KNORR",
    "Code Produit": "474437",
    "Température": "Ambiant",
    "Conditionnement": "Par bocal de 340 g. Colis de 2 bocaux.",
    "Unité de commande": "bocal",
    "Prix": "13,75 EUR",
    "Prix à l'unité de mesure": "40,44 EUR / kg",
    "Prix à la portion": "27,50 EUR / colis",
    "DLC garantie au client": "30 jour(s)"
  },
  {
    "Rayon": "Crèmerie Œufs Fromages",
    "Libellé produit": "Beurre demi sel AOP 80% m.g.",
    "Marque": "ECHIRE",
    "Code Produit": "475772",
    "Température": "Frais",
    "Conditionnement": "Portion de 30 g. Boite de 100 portions.",
    "Unité de commande": "boite",
    "Prix": "63,85 EUR",
    "Prix à l'unité de mesure": "21,28 EUR / kg",
    "Prix à la portion": "0,64 EUR / Portion",
    "DLC garantie au client": "7 jour(s)"
  },
  {
    "Rayon": "Crèmerie Œufs Fromages",
    "Libellé produit": "Brassé végétal au lait de coco",
    "Marque": "ANDROS",
    "Code Produit": "479213",
    "Température": "Frais",
    "Conditionnement": "Par seau de 2.5 kg.",
    "Unité de commande": "seau",
    "Prix": "13,55 EUR",
    "Prix à l'unité de mesure": "5,42 EUR / kg",
    "Prix à la portion": "",
    "DLC garantie au client": "7 jour(s)"
  },
  {
    "Rayon": "Viandes Volailles Gibier",
    "Libellé produit": "Château filet",
    "Marque": "BEAUVALLET RESTAURATION",
    "Code Produit": "479758",
    "Température": "Frais",
    "Conditionnement": "Portion de 180 g. Sachet de 10 portions.",
    "Unité de commande": "sachet",
    "Prix": "85,24 EUR",
    "Prix à l'unité de mesure": "47,36 EUR / kg",
    "Prix à la portion": "8,52 EUR / Portion",
    "DLC garantie au client": "7 jour(s)"
  },
  {
    "Rayon": "Viandes Volailles Gibier",
    "Libellé produit": "Bavette aloyau",
    "Marque": "BEAUVALLET RESTAURATION",
    "Code Produit": "479949",
    "Température": "Frais",
    "Conditionnement": "Portion de 180 g. Sachet de 10 portions.",
    "Unité de commande": "sachet",
    "Prix": "36,68 EUR",
    "Prix à l'unité de mesure": "20,38 EUR / kg",
    "Prix à la portion": "3,67 EUR / Portion",
    "DLC garantie au client": "7 jour(s)"
  },
  {
    "Rayon": "Viandes Volailles Gibier",
    "Libellé produit": "Sauté de veau V épaule/",
    "Marque": "BEAUVALLET RESTAURATION",
    "Code Produit": "480285",
    "Température": "Frais",
    "Conditionnement": "Par sachet de 2 kg.",
    "Unité de commande": "sachet",
    "Prix": "34,28 EUR",
    "Prix à l'unité de mesure": "17,14 EUR / kg",
    "Prix à la portion": "",
    "DLC garantie au client": "7 jour(s)"
  },
  {
    "Rayon": "Viandes Volailles Gibier",
    "Libellé produit": "Jarret de veau V Osso Bucco. décongelé",
    "Marque": "BEAUVALLET RESTAURATION",
    "Code Produit": "480301",
    "Température": "Frais",
    "Conditionnement": "Portion de 250 g. Sachet de 5 portions.",
    "Unité de commande": "sachet",
    "Prix": "18,42 EUR",
    "Prix à l'unité de mesure": "14,73 EUR / kg",
    "Prix à la portion": "3,68 EUR / Portion",
    "DLC garantie au client": "7 jour(s)"
  },
  {
    "Rayon": "Viandes Volailles Gibier",
    "Libellé produit": "Jarret de veau V Osso Bucco. décongelé",
    "Marque": "BEAUVALLET RESTAURATION",
    "Code Produit": "480319",
    "Température": "Frais",
    "Conditionnement": "Portion de 300 g. Sachet de 5 portions.",
    "Unité de commande": "sachet",
    "Prix": "22,10 EUR",
    "Prix à l'unité de mesure": "14,73 EUR / kg",
    "Prix à la portion": "4,42 EUR / Portion",
    "DLC garantie au client": "7 jour(s)"
  },
  {
    "Rayon": "Viandes Volailles Gibier",
    "Libellé produit": "Pavé quasi de veau V",
    "Marque": "BEAUVALLET RESTAURATION",
    "Code Produit": "480350",
    "Température": "Frais",
    "Conditionnement": "Portion de 180 g. Sachet de 10 portions.",
    "Unité de commande": "sachet",
    "Prix": "59,37 EUR",
    "Prix à l'unité de mesure": "32,98 EUR / kg",
    "Prix à la portion": "5,94 EUR / Portion",
    "DLC garantie au client": "7 jour(s)"
  },
  {
    "Rayon": "Viandes Volailles Gibier",
    "Libellé produit": "Côte filet 1ère de veau V",
    "Marque": "BEAUVALLET RESTAURATION",
    "Code Produit": "480459",
    "Température": "Frais",
    "Conditionnement": "Portion de 180 g. Sachet de 10 portions.",
    "Unité de commande": "sachet",
    "Prix": "39,33 EUR",
    "Prix à l'unité de mesure": "21,85 EUR / kg",
    "Prix à la portion": "3,93 EUR / Portion",
    "DLC garantie au client": "7 jour(s)"
  },
  {
    "Rayon": "Viandes Volailles Gibier",
    "Libellé produit": "Gigot d'agneau désossé. ficelé frais ou decongele",
    "Marque": "BEAUVALLET RESTAURATION",
    "Code Produit": "480566",
    "Température": "Frais",
    "Conditionnement": "Par pièce de 2 kg.",
    "Unité de commande": "pièce",
    "Prix": "39,99 EUR",
    "Prix à l'unité de mesure": "19,99 EUR / kg",
    "Prix à la portion": "",
    "DLC garantie au client": "7 jour(s)"
  },
  {
    "Rayon": "Viandes Volailles Gibier",
    "Libellé produit": "Rôti d'échine de porc",
    "Marque": "BEAUVALLET RESTAURATION",
    "Code Produit": "480814",
    "Température": "Frais",
    "Conditionnement": "Par pièce de 2 kg.",
    "Unité de commande": "pièce",
    "Prix": "18,26 EUR",
    "Prix à l'unité de mesure": "9,13 EUR / kg",
    "Prix à la portion": "",
    "DLC garantie au client": "7 jour(s)"
  },
  {
    "Rayon": "Fruits et Légumes",
    "Libellé produit": "Chou pak choi. catégorie 1",
    "Marque": "STKFL",
    "Code Produit": "481359",
    "Température": "Frais",
    "Conditionnement": "Par sachet de 1 kg.",
    "Unité de commande": "sachet",
    "Prix": "2,79 EUR",
    "Prix à l'unité de mesure": "2,79 EUR / kg",
    "Prix à la portion": "",
    "DLC garantie au client": ""
  },
  {
    "Rayon": "Fruits et Légumes",
    "Libellé produit": "Raisin red globe. catégorie 1",
    "Marque": "STKFL",
    "Code Produit": "485237",
    "Température": "Frais",
    "Conditionnement": "Par colis de 5 kg.",
    "Unité de commande": "colis",
    "Prix": "13,30 EUR",
    "Prix à l'unité de mesure": "2,66 EUR / kg",
    "Prix à la portion": "",
    "DLC garantie au client": ""
  },
  {
    "Rayon": "Épicerie",
    "Libellé produit": "FRAMBOISE BRISURE",
    "Marque": "PATRIGEL",
    "Code Produit": "486102",
    "Température": "Surgele",
    "Conditionnement": "Par sachet de 1 kg. Colis de 5 sachets.",
    "Unité de commande": "sachet",
    "Prix": "4,87 EUR",
    "Prix à l'unité de mesure": "4,87 EUR / kg",
    "Prix à la portion": "24,36 EUR / colis",
    "DLC garantie au client": "30 jour(s)"
  },
  {
    "Rayon": "Accompagnements Assaisonnement",
    "Libellé produit": "Vinaigre balsamique. de Modène",
    "Marque": "BORGES",
    "Code Produit": "489526",
    "Température": "Ambiant",
    "Conditionnement": "Par bouteille de 500 ml. Colis de 12 bouteilles.",
    "Unité de commande": "bouteille",
    "Prix": "3,73 EUR",
    "Prix à l'unité de mesure": "7,45 EUR / L",
    "Prix à la portion": "44,70 EUR / colis",
    "DLC garantie au client": "30 jour(s)"
  },
  {
    "Rayon": "Accompagnements Assaisonnement",
    "Libellé produit": "Vinaigre de Xeres",
    "Marque": "BORGES",
    "Code Produit": "489534",
    "Température": "Ambiant",
    "Conditionnement": "Par bouteille de 500 ml. Colis de 12 bouteilles.",
    "Unité de commande": "bouteille",
    "Prix": "3,33 EUR",
    "Prix à l'unité de mesure": "6,66 EUR / L",
    "Prix à la portion": "39,96 EUR / colis",
    "DLC garantie au client": "30 jour(s)"
  },
  {
    "Rayon": "Desserts Glaces",
    "Libellé produit": "Coulis de mangue/passion",
    "Marque": "LES VERGERS BOIRON",
    "Code Produit": "490060",
    "Température": "Surgele",
    "Conditionnement": "Par bouteille de 500 g. Colis de 12 bouteilles.",
    "Unité de commande": "bouteille",
    "Prix": "5,06 EUR",
    "Prix à l'unité de mesure": "10,12 EUR / kg",
    "Prix à la portion": "60,73 EUR / colis",
    "DLC garantie au client": "30 jour(s)"
  },
  {
    "Rayon": "Fruits et Légumes",
    "Libellé produit": "Oignon jaune entier épluché",
    "Marque": "ROSEE DES CHAMPS",
    "Code Produit": "495102",
    "Température": "Frais",
    "Conditionnement": "Sachet de 5 kg. Colis de 2 sachets.",
    "Unité de commande": "colis",
    "Prix": "32,15 EUR",
    "Prix à l'unité de mesure": "3,22 EUR / kg",
    "Prix à la portion": "16,08 EUR / sachet",
    "DLC garantie au client": "4 jour(s)"
  },
  {
    "Rayon": "Crèmerie Œufs Fromages",
    "Libellé produit": "Lait demi écrémé uht",
    "Marque": "LAIT D'ICI",
    "Code Produit": "495176",
    "Température": "Frais",
    "Conditionnement": "Brick de 1 litre. Colis de 6 bricks.",
    "Unité de commande": "colis",
    "Prix": "6,51 EUR",
    "Prix à l'unité de mesure": "1,09 EUR / L",
    "Prix à la portion": "1,09 EUR / brick",
    "DLC garantie au client": "7 jour(s)"
  },
  {
    "Rayon": "Épicerie",
    "Libellé produit": "Pruneaux dénoyautés. medium 35%",
    "Marque": "",
    "Code Produit": "495713",
    "Température": "Ambiant",
    "Conditionnement": "Par sachet de 1 kg. Colis de 10 sachets.",
    "Unité de commande": "sachet",
    "Prix": "8,86 EUR",
    "Prix à l'unité de mesure": "8,86 EUR / kg",
    "Prix à la portion": "88,63 EUR / colis",
    "DLC garantie au client": "30 jour(s)"
  },
  {
    "Rayon": "Pâtisserie Biscuiterie Confiserie",
    "Libellé produit": "Arôme fleur d'oranger",
    "Marque": "EXCELLENCE",
    "Code Produit": "497040",
    "Température": "Ambiant",
    "Conditionnement": "Par flacon de 1 litre. Colis de 6 flacons.",
    "Unité de commande": "flacon",
    "Prix": "3,03 EUR",
    "Prix à l'unité de mesure": "3,03 EUR / L",
    "Prix à la portion": "18,16 EUR / colis",
    "DLC garantie au client": "30 jour(s)"
  },
  {
    "Rayon": "Accompagnements Assaisonnement",
    "Libellé produit": "Fonds Blanc de Volaille. Déshydraté 750g jusqu'à 50L",
    "Marque": "KNORR",
    "Code Produit": "499079",
    "Température": "Ambiant",
    "Conditionnement": "Par boite de 750 g. Colis de 6 boites.",
    "Unité de commande": "boite",
    "Prix": "17,88 EUR",
    "Prix à l'unité de mesure": "23,84 EUR / kg",
    "Prix à la portion": "107,28 EUR / colis",
    "DLC garantie au client": "30 jour(s)"
  },
  {
    "Rayon": "Équipement Hygiène",
    "Libellé produit": "Mouchoir blanc 2 plis. tork. boite de 100",
    "Marque": "TORK",
    "Code Produit": "501834",
    "Température": "Ambiant",
    "Conditionnement": "Colis de 30 boites.",
    "Unité de commande": "colis",
    "Prix": "40,05 EUR",
    "Prix à l'unité de mesure": "",
    "Prix à la portion": "1,34 EUR / boite",
    "DLC garantie au client": ""
  },
  {
    "Rayon": "Charcuterie Traiteur",
    "Libellé produit": "Carpaccio de boeuf VBF",
    "Marque": "BEAUVALLET RESTAURATION",
    "Code Produit": "502473",
    "Température": "Frais",
    "Conditionnement": "Portion de 200 g. Colis de 12 portions.",
    "Unité de commande": "colis",
    "Prix": "57,72 EUR",
    "Prix à l'unité de mesure": "24,05 EUR / kg",
    "Prix à la portion": "4,81 EUR / Portion",
    "DLC garantie au client": "7 jour(s)"
  },
  {
    "Rayon": "Fruits et Légumes",
    "Libellé produit": "Champignon émincé",
    "Marque": "ROSEE DES CHAMPS",
    "Code Produit": "503112",
    "Température": "Frais",
    "Conditionnement": "Par sachet de 500 g. Colis de 12 sachets.",
    "Unité de commande": "sachet",
    "Prix": "3,86 EUR",
    "Prix à l'unité de mesure": "7,72 EUR / kg",
    "Prix à la portion": "46,31 EUR / colis",
    "DLC garantie au client": "4 jour(s)"
  },
  {
    "Rayon": "Épicerie",
    "Libellé produit": "Thé english breakfast bio",
    "Marque": "PUKKA",
    "Code Produit": "507683",
    "Température": "Ambiant",
    "Conditionnement": "Boite de 50 g. Colis de 4 boites. Boite de 20 portions.",
    "Unité de commande": "colis",
    "Prix": "24,02 EUR",
    "Prix à l'unité de mesure": "120,10 EUR / kg",
    "Prix à la portion": "6,01 EUR / boite",
    "DLC garantie au client": "30 jour(s)"
  },
  {
    "Rayon": "Épicerie",
    "Libellé produit": "Thé earl grey bio",
    "Marque": "PUKKA",
    "Code Produit": "507687",
    "Température": "Ambiant",
    "Conditionnement": "Portion de 2 g. Boite de 20 portions.",
    "Unité de commande": "boite",
    "Prix": "5,97 EUR",
    "Prix à l'unité de mesure": "149,35 EUR / kg",
    "Prix à la portion": "0,30 EUR / Portion",
    "DLC garantie au client": "30 jour(s)"
  },
  {
    "Rayon": "Équipement Hygiène",
    "Libellé produit": "Sel adoucisseur eau. sac de 25 kg",
    "Marque": "AXAL PRO",
    "Code Produit": "526624",
    "Température": "Ambiant",
    "Conditionnement": "Par sac de 25 kg.",
    "Unité de commande": "sac",
    "Prix": "11,15 EUR",
    "Prix à l'unité de mesure": "0,45 EUR / kg",
    "Prix à la portion": "",
    "DLC garantie au client": ""
  },
  {
    "Rayon": "Équipement Hygiène",
    "Libellé produit": "Raclette alimentaire. double lame. mousse interchangeable",
    "Marque": "BROSSERIE THOMAS",
    "Code Produit": "528612",
    "Température": "Ambiant",
    "Conditionnement": "Colis de 10 unités.",
    "Unité de commande": "unité",
    "Prix": "11,90 EUR",
    "Prix à l'unité de mesure": "",
    "Prix à la portion": "118,96 EUR / colis",
    "DLC garantie au client": ""
  },
  {
    "Rayon": "Accompagnements Assaisonnement",
    "Libellé produit": "Chapelure brune",
    "Marque": "VIVIEN PAILLE",
    "Code Produit": "531121",
    "Température": "Ambiant",
    "Conditionnement": "Par sachet de 1 kg. Colis de 10 sachets.",
    "Unité de commande": "sachet",
    "Prix": "2,40 EUR",
    "Prix à l'unité de mesure": "2,40 EUR / kg",
    "Prix à la portion": "24,00 EUR / colis",
    "DLC garantie au client": "30 jour(s)"
  },
  {
    "Rayon": "Accompagnements Assaisonnement",
    "Libellé produit": "Badiane entière",
    "Marque": "ESPIG",
    "Code Produit": "531127",
    "Température": "Ambiant",
    "Conditionnement": "Par sachet de 50 g. Colis de 15 sachets.",
    "Unité de commande": "sachet",
    "Prix": "2,31 EUR",
    "Prix à l'unité de mesure": "46,18 EUR / kg",
    "Prix à la portion": "34,64 EUR / colis",
    "DLC garantie au client": "30 jour(s)"
  },
  {
    "Rayon": "Épicerie",
    "Libellé produit": "Chocos pétales de blé au. chocolat",
    "Marque": "KELLOGG'S",
    "Code Produit": "531155",
    "Température": "Ambiant",
    "Conditionnement": "Par boite de 580 g. Colis de 16 boites.",
    "Unité de commande": "boite",
    "Prix": "5,63 EUR",
    "Prix à l'unité de mesure": "9,70 EUR / kg",
    "Prix à la portion": "90,00 EUR / colis",
    "DLC garantie au client": "30 jour(s)"
  },
  {
    "Rayon": "Épicerie",
    "Libellé produit": "Rice krispies",
    "Marque": "KELLOGG'S",
    "Code Produit": "531156",
    "Température": "Ambiant",
    "Conditionnement": "Par boite de 360 g. Colis de 12 boites.",
    "Unité de commande": "boite",
    "Prix": "5,63 EUR",
    "Prix à l'unité de mesure": "15,64 EUR / kg",
    "Prix à la portion": "67,55 EUR / colis",
    "DLC garantie au client": "30 jour(s)"
  },
  {
    "Rayon": "Épicerie",
    "Libellé produit": "Citron déshyraté en rondelle. the fetichist",
    "Marque": "BAR SOLUTIONS",
    "Code Produit": "531529",
    "Température": "Ambiant",
    "Conditionnement": "Par barquette de 290 g. Colis de 20 barquettes.",
    "Unité de commande": "barquette",
    "Prix": "22,50 EUR",
    "Prix à l'unité de mesure": "77,59 EUR / kg",
    "Prix à la portion": "450,00 EUR / colis",
    "DLC garantie au client": "30 jour(s)"
  },
  {
    "Rayon": "Épicerie",
    "Libellé produit": "Citron vert déshydraté en. rondelle the fetichist",
    "Marque": "BAR SOLUTIONS",
    "Code Produit": "531530",
    "Température": "Ambiant",
    "Conditionnement": "Par barquette de 300 g. Colis de 17 barquettes.",
    "Unité de commande": "barquette",
    "Prix": "30,00 EUR",
    "Prix à l'unité de mesure": "100,00 EUR / kg",
    "Prix à la portion": "510,00 EUR / colis",
    "DLC garantie au client": "30 jour(s)"
  },
  {
    "Rayon": "Épicerie",
    "Libellé produit": "Orange déshydratée en rondelle. the fetichist",
    "Marque": "BAR SOLUTIONS",
    "Code Produit": "531531",
    "Température": "Ambiant",
    "Conditionnement": "Par barquette de 280 g. Colis de 17 barquettes.",
    "Unité de commande": "barquette",
    "Prix": "18,95 EUR",
    "Prix à l'unité de mesure": "67,68 EUR / kg",
    "Prix à la portion": "322,15 EUR / colis",
    "DLC garantie au client": "30 jour(s)"
  },
  {
    "Rayon": "Accompagnements Assaisonnement",
    "Libellé produit": "Petit épeautre igp. bio",
    "Marque": "",
    "Code Produit": "531925",
    "Température": "Ambiant",
    "Conditionnement": "Par sachet de 1 kg. Colis de 12 sachets.",
    "Unité de commande": "sachet",
    "Prix": "9,00 EUR",
    "Prix à l'unité de mesure": "9,00 EUR / kg",
    "Prix à la portion": "107,94 EUR / colis",
    "DLC garantie au client": "30 jour(s)"
  },
  {
    "Rayon": "Fruits et Légumes",
    "Libellé produit": "Pomme golden 201/240. catégorie 1. France",
    "Marque": "STKFL",
    "Code Produit": "533889",
    "Température": "Frais",
    "Conditionnement": "Par colis de 4 kg.",
    "Unité de commande": "colis",
    "Prix": "8,74 EUR",
    "Prix à l'unité de mesure": "2,18 EUR / kg",
    "Prix à la portion": "",
    "DLC garantie au client": ""
  },
  {
    "Rayon": "Accompagnements Assaisonnement",
    "Libellé produit": "Gnocchi nature",
    "Marque": "HILCONA",
    "Code Produit": "536267",
    "Température": "Surgele",
    "Conditionnement": "Sachet de 2.5 kg. Colis de 2 sachets.",
    "Unité de commande": "colis",
    "Prix": "24,14 EUR",
    "Prix à l'unité de mesure": "4,83 EUR / kg",
    "Prix à la portion": "12,07 EUR / sachet",
    "DLC garantie au client": "30 jour(s)"
  },
  {
    "Rayon": "Fruits et Légumes",
    "Libellé produit": "Champignon de Paris BIO. catégorie 2",
    "Marque": "STKFL",
    "Code Produit": "538474",
    "Température": "Frais",
    "Conditionnement": "Par colis de 2.5 kg.",
    "Unité de commande": "colis",
    "Prix": "31,95 EUR",
    "Prix à l'unité de mesure": "12,78 EUR / kg",
    "Prix à la portion": "",
    "DLC garantie au client": ""
  },
  {
    "Rayon": "Fruits et Légumes",
    "Libellé produit": "Orange jus midnight 7/8. catégorie 1",
    "Marque": "STKFL",
    "Code Produit": "557233",
    "Température": "Frais",
    "Conditionnement": "Par colis de 15 kg.",
    "Unité de commande": "colis",
    "Prix": "25,44 EUR",
    "Prix à l'unité de mesure": "1,70 EUR / kg",
    "Prix à la portion": "",
    "DLC garantie au client": ""
  },
  {
    "Rayon": "Fruits et Légumes",
    "Libellé produit": "\"Poivron rouge GG \"\"pp\"\". catégorie 1\"",
    "Marque": "STKFL",
    "Code Produit": "559685",
    "Température": "Frais",
    "Conditionnement": "Par colis de 5 kg.",
    "Unité de commande": "colis",
    "Prix": "9,57 EUR",
    "Prix à l'unité de mesure": "1,91 EUR / kg",
    "Prix à la portion": "",
    "DLC garantie au client": ""
  },
  {
    "Rayon": "Équipement Hygiène",
    "Libellé produit": "Poches pâtissières jetables. utilisation chaude. dimension 30 x 54 cm",
    "Marque": "LEGAVE",
    "Code Produit": "568055",
    "Température": "Ambiant",
    "Conditionnement": "Bobine de 200 portions.",
    "Unité de commande": "bobine",
    "Prix": "38,34 EUR",
    "Prix à l'unité de mesure": "",
    "Prix à la portion": "0,19 EUR / Portion",
    "DLC garantie au client": ""
  },
  {
    "Rayon": "Équipement Hygiène",
    "Libellé produit": "Fouet à sauce fmc Fils inox. longueur 500mm. long. manche composite 260mm",
    "Marque": "MATFER",
    "Code Produit": "568949",
    "Température": "Ambiant",
    "Conditionnement": "",
    "Unité de commande": "pièce",
    "Prix": "22,00 EUR",
    "Prix à l'unité de mesure": "",
    "Prix à la portion": "",
    "DLC garantie au client": ""
  },
  {
    "Rayon": "Équipement Hygiène",
    "Libellé produit": "Fouet à sauce fmc. longueur 250mm. long. manche composite 100mm",
    "Marque": "MATFER",
    "Code Produit": "568998",
    "Température": "Ambiant",
    "Conditionnement": "",
    "Unité de commande": "pièce",
    "Prix": "7,88 EUR",
    "Prix à l'unité de mesure": "",
    "Prix à la portion": "",
    "DLC garantie au client": ""
  },
  {
    "Rayon": "Fruits et Légumes",
    "Libellé produit": "Frite fraiche rustique crue",
    "Marque": "FRAICH LEG",
    "Code Produit": "570290",
    "Température": "Frais",
    "Conditionnement": "Sachet de 10 kg. Colis de 2 sachets.",
    "Unité de commande": "colis",
    "Prix": "30,90 EUR",
    "Prix à l'unité de mesure": "1,55 EUR / kg",
    "Prix à la portion": "15,45 EUR / sachet",
    "DLC garantie au client": "3 jour(s)"
  },
  {
    "Rayon": "Fruits et Légumes",
    "Libellé produit": "Feuille de bananier ronde. catégorie 1",
    "Marque": "STKFL",
    "Code Produit": "572440",
    "Température": "Frais",
    "Conditionnement": "Sachet de 500 g. Colis de 4 sachets. Sachet de 30 portions.",
    "Unité de commande": "colis",
    "Prix": "46,28 EUR",
    "Prix à l'unité de mesure": "23,14 EUR / kg",
    "Prix à la portion": "11,57 EUR / sachet",
    "DLC garantie au client": "7 jour(s)"
  },
  {
    "Rayon": "Fruits et Légumes",
    "Libellé produit": "Pomme golden 170/200. catégorie 1. France",
    "Marque": "STKFL",
    "Code Produit": "573191",
    "Température": "Frais",
    "Conditionnement": "Par colis de 4 kg.",
    "Unité de commande": "colis",
    "Prix": "6,02 EUR",
    "Prix à l'unité de mesure": "1,51 EUR / kg",
    "Prix à la portion": "",
    "DLC garantie au client": ""
  },
  {
    "Rayon": "Fruits et Légumes",
    "Libellé produit": "Salade multifeuille",
    "Marque": "ROSEE DES CHAMPS",
    "Code Produit": "573205",
    "Température": "Frais",
    "Conditionnement": "Par sachet de 300 g. Colis de 8 sachets.",
    "Unité de commande": "sachet",
    "Prix": "2,25 EUR",
    "Prix à l'unité de mesure": "7,49 EUR / kg",
    "Prix à la portion": "17,97 EUR / colis",
    "DLC garantie au client": "3 jour(s)"
  },
  {
    "Rayon": "Crèmerie Œufs Fromages",
    "Libellé produit": "Mozzarella cerise",
    "Marque": "AMBROSI",
    "Code Produit": "582440",
    "Température": "Frais",
    "Conditionnement": "Par seau de 1 kg. Colis de 2 seaux.",
    "Unité de commande": "seau",
    "Prix": "12,03 EUR",
    "Prix à l'unité de mesure": "12,03 EUR / kg",
    "Prix à la portion": "24,07 EUR / colis",
    "DLC garantie au client": "7 jour(s)"
  },
  {
    "Rayon": "Fruits et Légumes",
    "Libellé produit": "Piment habanero rouge. catégorie 1",
    "Marque": "STKFL",
    "Code Produit": "584673",
    "Température": "Frais",
    "Conditionnement": "Par colis de 2 kg.",
    "Unité de commande": "colis",
    "Prix": "22,22 EUR",
    "Prix à l'unité de mesure": "11,11 EUR / kg",
    "Prix à la portion": "",
    "DLC garantie au client": ""
  },
  {
    "Rayon": "Fruits et Légumes",
    "Libellé produit": "Romaine",
    "Marque": "FLORETTE",
    "Code Produit": "591070",
    "Température": "Frais",
    "Conditionnement": "Par sachet de 300 g. Colis de 4 sachets.",
    "Unité de commande": "sachet",
    "Prix": "2,14 EUR",
    "Prix à l'unité de mesure": "7,13 EUR / kg",
    "Prix à la portion": "8,56 EUR / colis",
    "DLC garantie au client": "3 jour(s)"
  },
  {
    "Rayon": "Fruits et Légumes",
    "Libellé produit": "Minin pastéque. catégorie 1",
    "Marque": "STKFL",
    "Code Produit": "594843",
    "Température": "Frais",
    "Conditionnement": "Pièce de 1 kg. Colis de 10 pièces.",
    "Unité de commande": "colis",
    "Prix": "18,86 EUR",
    "Prix à l'unité de mesure": "1,89 EUR / kg",
    "Prix à la portion": "1,89 EUR / pièce",
    "DLC garantie au client": ""
  },
  {
    "Rayon": "Fruits et Légumes",
    "Libellé produit": "Basilic. catégorie 1",
    "Marque": "STKFL",
    "Code Produit": "596545",
    "Température": "Frais",
    "Conditionnement": "Par sachet de 100 g.",
    "Unité de commande": "sachet",
    "Prix": "2,67 EUR",
    "Prix à l'unité de mesure": "26,71 EUR / kg",
    "Prix à la portion": "",
    "DLC garantie au client": ""
  },
  {
    "Rayon": "Fruits et Légumes",
    "Libellé produit": "Pomme de terre micro ondable. catégorie 1. barquette de 500g",
    "Marque": "STKFL",
    "Code Produit": "598319",
    "Température": "Frais",
    "Conditionnement": "Par barquette de 500 g.",
    "Unité de commande": "barquette",
    "Prix": "1,28 EUR",
    "Prix à l'unité de mesure": "2,56 EUR / kg",
    "Prix à la portion": "",
    "DLC garantie au client": ""
  },
  {
    "Rayon": "Fruits et Légumes",
    "Libellé produit": "Pdt crue ronde épluchée",
    "Marque": "FRAICH LEG",
    "Code Produit": "604045",
    "Température": "Frais",
    "Conditionnement": "Pièce de 10 kg. Colis de 2 pièces.",
    "Unité de commande": "colis",
    "Prix": "30,91 EUR",
    "Prix à l'unité de mesure": "1,55 EUR / kg",
    "Prix à la portion": "15,45 EUR / pièce",
    "DLC garantie au client": "3 jour(s)"
  },
  {
    "Rayon": "Fruits et Légumes",
    "Libellé produit": "Frite fraiche crue 10/10",
    "Marque": "FRAICH LEG",
    "Code Produit": "604046",
    "Température": "Frais",
    "Conditionnement": "Sachet de 10 kg. Colis de 2 sachets.",
    "Unité de commande": "colis",
    "Prix": "30,91 EUR",
    "Prix à l'unité de mesure": "1,55 EUR / kg",
    "Prix à la portion": "15,45 EUR / sachet",
    "DLC garantie au client": "3 jour(s)"
  },
  {
    "Rayon": "Fruits et Légumes",
    "Libellé produit": "Pdt crue grenaille",
    "Marque": "FRAICH LEG",
    "Code Produit": "604047",
    "Température": "Frais",
    "Conditionnement": "Sachet de 10 kg. Colis de 2 sachets.",
    "Unité de commande": "colis",
    "Prix": "34,98 EUR",
    "Prix à l'unité de mesure": "1,75 EUR / kg",
    "Prix à la portion": "17,49 EUR / sachet",
    "DLC garantie au client": "3 jour(s)"
  },
  {
    "Rayon": "Fruits et Légumes",
    "Libellé produit": "Pdt crue cube",
    "Marque": "FRAICH LEG",
    "Code Produit": "604048",
    "Température": "Frais",
    "Conditionnement": "Sachet de 10 kg. Colis de 2 sachets.",
    "Unité de commande": "colis",
    "Prix": "30,91 EUR",
    "Prix à l'unité de mesure": "1,55 EUR / kg",
    "Prix à la portion": "15,45 EUR / sachet",
    "DLC garantie au client": "3 jour(s)"
  },
  {
    "Rayon": "Fruits et Légumes",
    "Libellé produit": "Pdt crue lamelle",
    "Marque": "FRAICH LEG",
    "Code Produit": "604049",
    "Température": "Frais",
    "Conditionnement": "Sachet de 10 kg. Colis de 2 sachets.",
    "Unité de commande": "colis",
    "Prix": "30,91 EUR",
    "Prix à l'unité de mesure": "1,55 EUR / kg",
    "Prix à la portion": "15,45 EUR / sachet",
    "DLC garantie au client": "3 jour(s)"
  },
  {
    "Rayon": "Fruits et Légumes",
    "Libellé produit": "Pdt crue quartier",
    "Marque": "FRAICH LEG",
    "Code Produit": "604050",
    "Température": "Frais",
    "Conditionnement": "Sachet de 10 kg. Colis de 2 sachets.",
    "Unité de commande": "colis",
    "Prix": "30,91 EUR",
    "Prix à l'unité de mesure": "1,55 EUR / kg",
    "Prix à la portion": "15,45 EUR / sachet",
    "DLC garantie au client": "3 jour(s)"
  },
  {
    "Rayon": "Fruits et Légumes",
    "Libellé produit": "Feuille chene blonde",
    "Marque": "ROSEE DES CHAMPS",
    "Code Produit": "614739",
    "Température": "Frais",
    "Conditionnement": "Par sachet de 500 g. Colis de 4 sachets.",
    "Unité de commande": "sachet",
    "Prix": "4,12 EUR",
    "Prix à l'unité de mesure": "8,23 EUR / kg",
    "Prix à la portion": "16,47 EUR / colis",
    "DLC garantie au client": "4 jour(s)"
  },
  {
    "Rayon": "Fruits et Légumes",
    "Libellé produit": "Aubergine cube 20/20 crue",
    "Marque": "ROSEE DES CHAMPS",
    "Code Produit": "614762",
    "Température": "Frais",
    "Conditionnement": "Par sachet de 1 kg.",
    "Unité de commande": "sachet",
    "Prix": "5,28 EUR",
    "Prix à l'unité de mesure": "5,28 EUR / kg",
    "Prix à la portion": "",
    "DLC garantie au client": "3 jour(s)"
  },
  {
    "Rayon": "Fruits et Légumes",
    "Libellé produit": "Batavia coupee 400 gr",
    "Marque": "ROSEE DES CHAMPS",
    "Code Produit": "614763",
    "Température": "Frais",
    "Conditionnement": "Par sachet de 400 g. Colis de 8 sachets.",
    "Unité de commande": "sachet",
    "Prix": "2,38 EUR",
    "Prix à l'unité de mesure": "5,96 EUR / kg",
    "Prix à la portion": "19,06 EUR / colis",
    "DLC garantie au client": "4 jour(s)"
  },
  {
    "Rayon": "Fruits et Légumes",
    "Libellé produit": "\"Carotte \"\"snacking\"\"\"",
    "Marque": "ROSEE DES CHAMPS",
    "Code Produit": "614764",
    "Température": "Frais",
    "Conditionnement": "Par barquette de 1 kg.",
    "Unité de commande": "barquette",
    "Prix": "5,33 EUR",
    "Prix à l'unité de mesure": "5,33 EUR / kg",
    "Prix à la portion": "",
    "DLC garantie au client": "4 jour(s)"
  },
  {
    "Rayon": "Épicerie",
    "Libellé produit": "SALADE FRUITY FRAICHEUR. 6 FRUIT",
    "Marque": "FRUITY PACK",
    "Code Produit": "614805",
    "Température": "Frais",
    "Conditionnement": "Par seau de 5.5 litre.",
    "Unité de commande": "seau",
    "Prix": "21,83 EUR",
    "Prix à l'unité de mesure": "3,97 EUR / L",
    "Prix à la portion": "",
    "DLC garantie au client": "5 jour(s)"
  },
  {
    "Rayon": "Épicerie",
    "Libellé produit": "SALADE EXOTIQUE",
    "Marque": "FRUITY PACK",
    "Code Produit": "614806",
    "Température": "Frais",
    "Conditionnement": "Par seau de 3 litre.",
    "Unité de commande": "seau",
    "Prix": "17,52 EUR",
    "Prix à l'unité de mesure": "5,84 EUR / L",
    "Prix à la portion": "",
    "DLC garantie au client": "5 jour(s)"
  },
  {
    "Rayon": "Épicerie",
    "Libellé produit": "SALADE SUN 5,5L",
    "Marque": "FRUITY PACK",
    "Code Produit": "614809",
    "Température": "Frais",
    "Conditionnement": "Par seau de 5.5 litre.",
    "Unité de commande": "seau",
    "Prix": "20,61 EUR",
    "Prix à l'unité de mesure": "3,75 EUR / L",
    "Prix à la portion": "",
    "DLC garantie au client": "7 jour(s)"
  },
  {
    "Rayon": "Épicerie",
    "Libellé produit": "SALADE FRUIT RAINBOW S/JUS",
    "Marque": "FRUITY PACK",
    "Code Produit": "614811",
    "Température": "Frais",
    "Conditionnement": "Par seau de 1 litre.",
    "Unité de commande": "seau",
    "Prix": "9,54 EUR",
    "Prix à l'unité de mesure": "9,54 EUR / L",
    "Prix à la portion": "",
    "DLC garantie au client": "3 jour(s)"
  },
  {
    "Rayon": "Épicerie",
    "Libellé produit": "BRUNOISE ANANAS",
    "Marque": "FRUITY PACK",
    "Code Produit": "614813",
    "Température": "Frais",
    "Conditionnement": "Par seau de 1 litre.",
    "Unité de commande": "seau",
    "Prix": "11,24 EUR",
    "Prix à l'unité de mesure": "11,24 EUR / L",
    "Prix à la portion": "",
    "DLC garantie au client": "5 jour(s)"
  },
  {
    "Rayon": "Épicerie",
    "Libellé produit": "BRUNOISE KIWIS",
    "Marque": "FRUITY PACK",
    "Code Produit": "614814",
    "Température": "Frais",
    "Conditionnement": "Par seau de 1 litre.",
    "Unité de commande": "seau",
    "Prix": "10,21 EUR",
    "Prix à l'unité de mesure": "10,21 EUR / L",
    "Prix à la portion": "",
    "DLC garantie au client": "5 jour(s)"
  },
  {
    "Rayon": "Épicerie",
    "Libellé produit": "SALADE FRUIT SUN TROPICALE S/S",
    "Marque": "FRUITY PACK",
    "Code Produit": "614816",
    "Température": "Frais",
    "Conditionnement": "Par seau de 3 litre.",
    "Unité de commande": "seau",
    "Prix": "11,69 EUR",
    "Prix à l'unité de mesure": "3,90 EUR / L",
    "Prix à la portion": "",
    "DLC garantie au client": "3 jour(s)"
  },
  {
    "Rayon": "Épicerie",
    "Libellé produit": "BRUNOISE POMME",
    "Marque": "FRUITY PACK",
    "Code Produit": "614819",
    "Température": "Frais",
    "Conditionnement": "Par seau de 1 litre.",
    "Unité de commande": "seau",
    "Prix": "5,11 EUR",
    "Prix à l'unité de mesure": "5,11 EUR / L",
    "Prix à la portion": "",
    "DLC garantie au client": "5 jour(s)"
  },
  {
    "Rayon": "Épicerie",
    "Libellé produit": "SALADE FRUIT 4 SAISONS",
    "Marque": "FRUITY PACK",
    "Code Produit": "614820",
    "Température": "Frais",
    "Conditionnement": "Par seau de 3 litre.",
    "Unité de commande": "seau",
    "Prix": "14,11 EUR",
    "Prix à l'unité de mesure": "4,70 EUR / L",
    "Prix à la portion": "",
    "DLC garantie au client": "8 jour(s)"
  },
  {
    "Rayon": "Épicerie",
    "Libellé produit": "SALADE FRUIT SUN",
    "Marque": "FRUITY PACK",
    "Code Produit": "614824",
    "Température": "Frais",
    "Conditionnement": "Par seau de 3 litre.",
    "Unité de commande": "seau",
    "Prix": "11,69 EUR",
    "Prix à l'unité de mesure": "3,90 EUR / L",
    "Prix à la portion": "",
    "DLC garantie au client": "3 jour(s)"
  },
  {
    "Rayon": "Accompagnements Assaisonnement",
    "Libellé produit": "Fève soja précuite",
    "Marque": "PATRIGEL",
    "Code Produit": "615248",
    "Température": "Surgele",
    "Conditionnement": "Par sachet de 1 kg. Colis de 5 sachets.",
    "Unité de commande": "sachet",
    "Prix": "3,95 EUR",
    "Prix à l'unité de mesure": "3,95 EUR / kg",
    "Prix à la portion": "19,76 EUR / colis",
    "DLC garantie au client": "30 jour(s)"
  },
  {
    "Rayon": "Fruits et Légumes",
    "Libellé produit": "Tomate cerise multicolore. catégorie 1",
    "Marque": "STKFL",
    "Code Produit": "615278",
    "Température": "Frais",
    "Conditionnement": "Par colis de 1 kg.",
    "Unité de commande": "colis",
    "Prix": "4,56 EUR",
    "Prix à l'unité de mesure": "4,56 EUR / kg",
    "Prix à la portion": "",
    "DLC garantie au client": ""
  },
  {
    "Rayon": "Pâtisserie Biscuiterie Confiserie",
    "Libellé produit": "Purée mûre non sucrée",
    "Marque": "LES VERGERS BOIRON",
    "Code Produit": "623344",
    "Température": "Surgele",
    "Conditionnement": "Par barquette de 1 kg. Colis de 6 barquettes.",
    "Unité de commande": "barquette",
    "Prix": "9,83 EUR",
    "Prix à l'unité de mesure": "9,83 EUR / kg",
    "Prix à la portion": "59,00 EUR / colis",
    "DLC garantie au client": "30 jour(s)"
  },
  {
    "Rayon": "Accompagnements Assaisonnement",
    "Libellé produit": "Cèpe Entier",
    "Marque": "CHAMPILAND",
    "Code Produit": "623401",
    "Température": "Surgele",
    "Conditionnement": "Par sachet de 1 kg. Colis de 5 sachets.",
    "Unité de commande": "sachet",
    "Prix": "14,06 EUR",
    "Prix à l'unité de mesure": "14,06 EUR / kg",
    "Prix à la portion": "70,30 EUR / colis",
    "DLC garantie au client": "30 jour(s)"
  },
  {
    "Rayon": "Viandes Volailles Gibier",
    "Libellé produit": "Osso bucco de veau",
    "Marque": "",
    "Code Produit": "623465",
    "Température": "Surgele",
    "Conditionnement": "Par colis de 5 kg.",
    "Unité de commande": "colis",
    "Prix": "46,96 EUR",
    "Prix à l'unité de mesure": "9,39 EUR / kg",
    "Prix à la portion": "",
    "DLC garantie au client": "30 jour(s)"
  },
  {
    "Rayon": "Poissons Coquillages Crustacés",
    "Libellé produit": "Crevette décortiquée cuite. calibre 300/500",
    "Marque": "CRUSTOR",
    "Code Produit": "623543",
    "Température": "Surgele",
    "Conditionnement": "Par sachet de 1 kg. Colis de 5 sachets.",
    "Unité de commande": "sachet",
    "Prix": "8,41 EUR",
    "Prix à l'unité de mesure": "8,41 EUR / kg",
    "Prix à la portion": "42,04 EUR / colis",
    "DLC garantie au client": "30 jour(s)"
  },
  {
    "Rayon": "Charcuterie Traiteur",
    "Libellé produit": "Escalope de foie gras canard. igp Sud Ouest",
    "Marque": "",
    "Code Produit": "623820",
    "Température": "Surgele",
    "Conditionnement": "Par poche de 1 kg. Colis de 5 poches.",
    "Unité de commande": "poche",
    "Prix": "48,00 EUR",
    "Prix à l'unité de mesure": "48,00 EUR / kg",
    "Prix à la portion": "240,00 EUR / colis",
    "DLC garantie au client": "30 jour(s)"
  },
  {
    "Rayon": "Charcuterie Traiteur",
    "Libellé produit": "Foie gras de canard deveiné. igp sud ouest",
    "Marque": "",
    "Code Produit": "623821",
    "Température": "Surgele",
    "Conditionnement": "Portion de 187.5 g. Poche de 16 portions.",
    "Unité de commande": "poche",
    "Prix": "148,50 EUR",
    "Prix à l'unité de mesure": "49,50 EUR / kg",
    "Prix à la portion": "9,28 EUR / Portion",
    "DLC garantie au client": "30 jour(s)"
  },
  {
    "Rayon": "Charcuterie Traiteur",
    "Libellé produit": "Artichaut romaine huile. tournesol",
    "Marque": "MASIELLO",
    "Code Produit": "623861",
    "Température": "Ambiant",
    "Conditionnement": "Par boite 3/1 de 2.45 kg. Colis de 6 boites 3/1.",
    "Unité de commande": "boite 3/1",
    "Prix": "17,53 EUR",
    "Prix à l'unité de mesure": "7,15 EUR / kg",
    "Prix à la portion": "105,16 EUR / colis",
    "DLC garantie au client": "30 jour(s)"
  },
  {
    "Rayon": "Fruits et Légumes",
    "Libellé produit": "Poireau. catégorie 2. France",
    "Marque": "STKFL",
    "Code Produit": "624311",
    "Température": "Frais",
    "Conditionnement": "Par colis de 5 kg.",
    "Unité de commande": "colis",
    "Prix": "8,89 EUR",
    "Prix à l'unité de mesure": "1,78 EUR / kg",
    "Prix à la portion": "",
    "DLC garantie au client": ""
  },
  {
    "Rayon": "Viandes Volailles Gibier",
    "Libellé produit": "Poitrine de veau désosséV",
    "Marque": "BEAUVALLET RESTAURATION",
    "Code Produit": "625145",
    "Température": "Frais",
    "Conditionnement": "Par pièce de 8 kg.",
    "Unité de commande": "pièce",
    "Prix": "122,70 EUR",
    "Prix à l'unité de mesure": "15,34 EUR / kg",
    "Prix à la portion": "",
    "DLC garantie au client": "7 jour(s)"
  },
  {
    "Rayon": "Viandes Volailles Gibier",
    "Libellé produit": "Blanquette de veau poitrine. V sans os décongelée",
    "Marque": "PRIMBEEF",
    "Code Produit": "625228",
    "Température": "Frais",
    "Conditionnement": "Par pièce de 2 kg.",
    "Unité de commande": "pièce",
    "Prix": "32,82 EUR",
    "Prix à l'unité de mesure": "16,41 EUR / kg",
    "Prix à la portion": "",
    "DLC garantie au client": "7 jour(s)"
  },
  {
    "Rayon": "Viandes Volailles Gibier",
    "Libellé produit": "Jarret de veau V Osso Bucco. décongelé",
    "Marque": "PRIMBEEF",
    "Code Produit": "625236",
    "Température": "Frais",
    "Conditionnement": "Portion de 200 g. Sachet de 5 portions.",
    "Unité de commande": "sachet",
    "Prix": "14,11 EUR",
    "Prix à l'unité de mesure": "14,11 EUR / kg",
    "Prix à la portion": "2,82 EUR / Portion",
    "DLC garantie au client": "7 jour(s)"
  },
  {
    "Rayon": "Viandes Volailles Gibier",
    "Libellé produit": "Ris de veau de coeur décongelé",
    "Marque": "BEAUVALLET RESTAURATION",
    "Code Produit": "625897",
    "Température": "Frais",
    "Conditionnement": "Par paquet de 1 kg.",
    "Unité de commande": "paquet",
    "Prix": "50,98 EUR",
    "Prix à l'unité de mesure": "50,98 EUR / kg",
    "Prix à la portion": "",
    "DLC garantie au client": "5 jour(s)"
  },
  {
    "Rayon": "Fruits et Légumes",
    "Libellé produit": "Piment antillais. catégorie 1",
    "Marque": "STKFL",
    "Code Produit": "627920",
    "Température": "Frais",
    "Conditionnement": "Par colis de 3 kg.",
    "Unité de commande": "colis",
    "Prix": "28,73 EUR",
    "Prix à l'unité de mesure": "9,58 EUR / kg",
    "Prix à la portion": "",
    "DLC garantie au client": ""
  },
  {
    "Rayon": "Pains Viennoiserie Pâtes",
    "Libellé produit": "Pain de mie nature. dimension 10x10cm-24 tranches. longue conservation",
    "Marque": "HARRYS FOOD SERVICE",
    "Code Produit": "631291",
    "Température": "Ambiant",
    "Conditionnement": "Par paquet de 500 g. Colis de 8 paquets.",
    "Unité de commande": "paquet",
    "Prix": "1,81 EUR",
    "Prix à l'unité de mesure": "3,61 EUR / kg",
    "Prix à la portion": "14,44 EUR / colis",
    "DLC garantie au client": "7 jour(s)"
  },
  {
    "Rayon": "Crèmerie Œufs Fromages",
    "Libellé produit": "Creme fraiche fluide d'Alsace. label rouge",
    "Marque": "ALSACE LAIT",
    "Code Produit": "632703",
    "Température": "Frais",
    "Conditionnement": "Par seau de 5 litre.",
    "Unité de commande": "seau",
    "Prix": "36,58 EUR",
    "Prix à l'unité de mesure": "7,32 EUR / L",
    "Prix à la portion": "",
    "DLC garantie au client": "5 jour(s)"
  },
  {
    "Rayon": "Pâtisserie Biscuiterie Confiserie",
    "Libellé produit": "Glucose déshydraté DE40",
    "Marque": "LOUIS FRANCOIS",
    "Code Produit": "636175",
    "Température": "Ambiant",
    "Conditionnement": "Par sac de 5 kg. Colis de 5 sacs.",
    "Unité de commande": "sac",
    "Prix": "34,13 EUR",
    "Prix à l'unité de mesure": "6,83 EUR / kg",
    "Prix à la portion": "170,67 EUR / colis",
    "DLC garantie au client": "30 jour(s)"
  },
  {
    "Rayon": "Accompagnements Assaisonnement",
    "Libellé produit": "Tabasco rouge",
    "Marque": "TABASCO",
    "Code Produit": "636191",
    "Température": "Ambiant",
    "Conditionnement": "Par flacon de 350 ml. Colis de 12 flacons.",
    "Unité de commande": "flacon",
    "Prix": "21,03 EUR",
    "Prix à l'unité de mesure": "60,08 EUR / L",
    "Prix à la portion": "252,32 EUR / colis",
    "DLC garantie au client": "30 jour(s)"
  },
  {
    "Rayon": "Crèmerie Œufs Fromages",
    "Libellé produit": "Crème chantilly 29 % m.g.",
    "Marque": "ISIGNY",
    "Code Produit": "638882",
    "Température": "Frais",
    "Conditionnement": "Par bombe de 500 g. Colis de 12 bombes.",
    "Unité de commande": "bombe",
    "Prix": "5,36 EUR",
    "Prix à l'unité de mesure": "10,72 EUR / kg",
    "Prix à la portion": "64,33 EUR / colis",
    "DLC garantie au client": "7 jour(s)"
  },
  {
    "Rayon": "Crèmerie Œufs Fromages",
    "Libellé produit": "Parmigiano reggiano aop rubans. 32 % m.g.",
    "Marque": "AMBROSI",
    "Code Produit": "638890",
    "Température": "Frais",
    "Conditionnement": "Par sachet de 500 g. Colis de 6 sachets.",
    "Unité de commande": "sachet",
    "Prix": "11,58 EUR",
    "Prix à l'unité de mesure": "23,17 EUR / kg",
    "Prix à la portion": "69,50 EUR / colis",
    "DLC garantie au client": "7 jour(s)"
  },
  {
    "Rayon": "Épicerie",
    "Libellé produit": "Thé fruits rouges",
    "Marque": "LIPTON",
    "Code Produit": "640847",
    "Température": "Ambiant",
    "Conditionnement": "Portion de 1.6 g. Boite de 25 portions.",
    "Unité de commande": "boite",
    "Prix": "3,11 EUR",
    "Prix à l'unité de mesure": "77,75 EUR / kg",
    "Prix à la portion": "0,12 EUR / Portion",
    "DLC garantie au client": "30 jour(s)"
  },
  {
    "Rayon": "Épicerie",
    "Libellé produit": "Thé vert menthe 25 sachets. fraicheur",
    "Marque": "LIPTON",
    "Code Produit": "641100",
    "Température": "Ambiant",
    "Conditionnement": "Portion de 1.6 g. Boite de 25 portions.",
    "Unité de commande": "boite",
    "Prix": "2,96 EUR",
    "Prix à l'unité de mesure": "73,88 EUR / kg",
    "Prix à la portion": "0,12 EUR / Portion",
    "DLC garantie au client": "30 jour(s)"
  },
  {
    "Rayon": "Épicerie",
    "Libellé produit": "Thé noir Earl Grey",
    "Marque": "LIPTON",
    "Code Produit": "641118",
    "Température": "Ambiant",
    "Conditionnement": "Portion de 2 g. Boite de 25 portions.",
    "Unité de commande": "boite",
    "Prix": "3,10 EUR",
    "Prix à l'unité de mesure": "62,06 EUR / kg",
    "Prix à la portion": "0,12 EUR / Portion",
    "DLC garantie au client": "30 jour(s)"
  },
  {
    "Rayon": "Épicerie",
    "Libellé produit": "Thé noir citron 25 sachets. fraicheur",
    "Marque": "LIPTON",
    "Code Produit": "641126",
    "Température": "Ambiant",
    "Conditionnement": "Portion de 1.6 g. Boite de 25 portions.",
    "Unité de commande": "boite",
    "Prix": "3,11 EUR",
    "Prix à l'unité de mesure": "77,75 EUR / kg",
    "Prix à la portion": "0,12 EUR / Portion",
    "DLC garantie au client": "30 jour(s)"
  },
  {
    "Rayon": "Pâtisserie Biscuiterie Confiserie",
    "Libellé produit": "Purée de fraise",
    "Marque": "LES VERGERS BOIRON",
    "Code Produit": "641548",
    "Température": "Surgele",
    "Conditionnement": "Par seau de 10 kg.",
    "Unité de commande": "seau",
    "Prix": "58,39 EUR",
    "Prix à l'unité de mesure": "5,84 EUR / kg",
    "Prix à la portion": "",
    "DLC garantie au client": "30 jour(s)"
  },
  {
    "Rayon": "Boissons",
    "Libellé produit": "Mai tai cocktail. the fetichist",
    "Marque": "THE FETICHIST",
    "Code Produit": "641739",
    "Température": "Ambiant",
    "Conditionnement": "Par bag in box de 5 litre.",
    "Unité de commande": "bag in box",
    "Prix": "75,00 EUR",
    "Prix à l'unité de mesure": "15,00 EUR / L",
    "Prix à la portion": "",
    "DLC garantie au client": ""
  },
  {
    "Rayon": "Fruits et Légumes",
    "Libellé produit": "Poivron tricolore. catégorie 1",
    "Marque": "STKFL",
    "Code Produit": "645243",
    "Température": "Frais",
    "Conditionnement": "Par colis de 2.5 kg.",
    "Unité de commande": "colis",
    "Prix": "9,29 EUR",
    "Prix à l'unité de mesure": "3,72 EUR / kg",
    "Prix à la portion": "",
    "DLC garantie au client": ""
  },
  {
    "Rayon": "Viandes Volailles Gibier",
    "Libellé produit": "Ris de veau qualité. restauration",
    "Marque": "",
    "Code Produit": "646067",
    "Température": "Surgele",
    "Conditionnement": "Par colis de 2.5 kg.",
    "Unité de commande": "colis",
    "Prix": "56,74 EUR",
    "Prix à l'unité de mesure": "22,69 EUR / kg",
    "Prix à la portion": "",
    "DLC garantie au client": "30 jour(s)"
  },
  {
    "Rayon": "Fruits et Légumes",
    "Libellé produit": "Navet 60/80. catégorie 2. France",
    "Marque": "STKFL",
    "Code Produit": "647447",
    "Température": "Frais",
    "Conditionnement": "Par colis de 5 kg.",
    "Unité de commande": "colis",
    "Prix": "8,21 EUR",
    "Prix à l'unité de mesure": "1,64 EUR / kg",
    "Prix à la portion": "",
    "DLC garantie au client": ""
  },
  {
    "Rayon": "Fruits et Légumes",
    "Libellé produit": "Salade cocktail",
    "Marque": "ROSEE DES CHAMPS",
    "Code Produit": "648163",
    "Température": "Frais",
    "Conditionnement": "Par sachet de 500 g. Colis de 6 sachets.",
    "Unité de commande": "sachet",
    "Prix": "3,17 EUR",
    "Prix à l'unité de mesure": "6,33 EUR / kg",
    "Prix à la portion": "19,00 EUR / colis",
    "DLC garantie au client": "3 jour(s)"
  },
  {
    "Rayon": "Crèmerie Œufs Fromages",
    "Libellé produit": "Lait en poudre demi écrémé",
    "Marque": "NESTLE",
    "Code Produit": "648204",
    "Température": "Ambiant",
    "Conditionnement": "Par poche de 500 g. Colis de 10 poches.",
    "Unité de commande": "poche",
    "Prix": "6,91 EUR",
    "Prix à l'unité de mesure": "13,82 EUR / kg",
    "Prix à la portion": "69,08 EUR / colis",
    "DLC garantie au client": "30 jour(s)"
  },
  {
    "Rayon": "Boissons",
    "Libellé produit": "Heineken",
    "Marque": "HEINEKEN",
    "Code Produit": "648303",
    "Température": "Ambiant",
    "Conditionnement": "Portion de 330 ml. Colis de 24 portions.",
    "Unité de commande": "colis",
    "Prix": "30,10 EUR",
    "Prix à l'unité de mesure": "3,80 EUR / L",
    "Prix à la portion": "1,25 EUR / Portion",
    "DLC garantie au client": "30 jour(s)"
  },
  {
    "Rayon": "Accompagnements Assaisonnement",
    "Libellé produit": "Oignon émincé",
    "Marque": "BONDUELLE FOOD SERVICE",
    "Code Produit": "648949",
    "Température": "Surgele",
    "Conditionnement": "Par sachet de 2.5 kg. Colis de 4 sachets.",
    "Unité de commande": "sachet",
    "Prix": "7,69 EUR",
    "Prix à l'unité de mesure": "3,07 EUR / kg",
    "Prix à la portion": "30,74 EUR / colis",
    "DLC garantie au client": "30 jour(s)"
  },
  {
    "Rayon": "Crèmerie Œufs Fromages",
    "Libellé produit": "Lait concentré sucré",
    "Marque": "NESTLE",
    "Code Produit": "649723",
    "Température": "Ambiant",
    "Conditionnement": "Par boite de 397 g. Colis de 12 boites.",
    "Unité de commande": "boite",
    "Prix": "3,33 EUR",
    "Prix à l'unité de mesure": "8,40 EUR / kg",
    "Prix à la portion": "40,01 EUR / colis",
    "DLC garantie au client": "30 jour(s)"
  },
  {
    "Rayon": "Pâtisserie Biscuiterie Confiserie",
    "Libellé produit": "Bombe sucrée à dorure avec. diffuseur",
    "Marque": "COCOTINE",
    "Code Produit": "653402",
    "Température": "Ambiant",
    "Conditionnement": "Bombe de 300 ml. Colis de 8 bombes.",
    "Unité de commande": "colis",
    "Prix": "30,11 EUR",
    "Prix à l'unité de mesure": "12,55 EUR / L",
    "Prix à la portion": "3,76 EUR / bombe",
    "DLC garantie au client": "30 jour(s)"
  },
  {
    "Rayon": "Crèmerie Œufs Fromages",
    "Libellé produit": "oeufs pochés calibre 43/53",
    "Marque": "OVOTEAM",
    "Code Produit": "653576",
    "Température": "Frais",
    "Conditionnement": "Portion de 48.8 g. Seau de 75 portions.",
    "Unité de commande": "seau",
    "Prix": "47,20 EUR",
    "Prix à l'unité de mesure": "12,90 EUR / kg",
    "Prix à la portion": "0,63 EUR / Portion",
    "DLC garantie au client": "7 jour(s)"
  },
  {
    "Rayon": "Fruits et Légumes",
    "Libellé produit": "Feuille chêne verte. catégorie 1. France",
    "Marque": "STKFL",
    "Code Produit": "657495",
    "Température": "Frais",
    "Conditionnement": "Pièce de 300 g. Colis de 6 pièces.",
    "Unité de commande": "colis",
    "Prix": "6,66 EUR",
    "Prix à l'unité de mesure": "3,70 EUR / kg",
    "Prix à la portion": "1,11 EUR / pièce",
    "DLC garantie au client": ""
  },
  {
    "Rayon": "Viandes Volailles Gibier",
    "Libellé produit": "Tee bone de veau V",
    "Marque": "BEAUVALLET RESTAURATION",
    "Code Produit": "658815",
    "Température": "Frais",
    "Conditionnement": "Portion de 350 g. Colis de 6 portions.",
    "Unité de commande": "colis",
    "Prix": "39,84 EUR",
    "Prix à l'unité de mesure": "18,97 EUR / kg",
    "Prix à la portion": "6,64 EUR / Portion",
    "DLC garantie au client": "7 jour(s)"
  },
  {
    "Rayon": "Crèmerie Œufs Fromages",
    "Libellé produit": "Beurre doux lingot",
    "Marque": "FLECHARD",
    "Code Produit": "664987",
    "Température": "Frais",
    "Conditionnement": "Pain de 1 kg. Colis de 10 pains.",
    "Unité de commande": "colis",
    "Prix": "96,47 EUR",
    "Prix à l'unité de mesure": "9,65 EUR / kg",
    "Prix à la portion": "9,65 EUR / pain",
    "DLC garantie au client": "7 jour(s)"
  },
  {
    "Rayon": "Pains Viennoiserie Pâtes",
    "Libellé produit": "Pain de campagne. précuit sur sole",
    "Marque": "BRIDOR",
    "Code Produit": "665364",
    "Température": "Surgele",
    "Conditionnement": "Portion de 45 g. Colis de 60 portions.",
    "Unité de commande": "colis",
    "Prix": "15,09 EUR",
    "Prix à l'unité de mesure": "5,59 EUR / kg",
    "Prix à la portion": "0,25 EUR / Portion",
    "DLC garantie au client": "30 jour(s)"
  },
  {
    "Rayon": "Pains Viennoiserie Pâtes",
    "Libellé produit": "Pain multicéréales. précuit sur sole",
    "Marque": "BRIDOR",
    "Code Produit": "665372",
    "Température": "Surgele",
    "Conditionnement": "Portion de 45 g. Colis de 60 portions.",
    "Unité de commande": "colis",
    "Prix": "15,34 EUR",
    "Prix à l'unité de mesure": "5,68 EUR / kg",
    "Prix à la portion": "0,26 EUR / Portion",
    "DLC garantie au client": "30 jour(s)"
  },
  {
    "Rayon": "Pains Viennoiserie Pâtes",
    "Libellé produit": "Pain finedor précuit sur sole",
    "Marque": "LENOTRE",
    "Code Produit": "665380",
    "Température": "Surgele",
    "Conditionnement": "Portion de 45 g. Colis de 50 portions.",
    "Unité de commande": "colis",
    "Prix": "12,86 EUR",
    "Prix à l'unité de mesure": "5,72 EUR / kg",
    "Prix à la portion": "0,26 EUR / Portion",
    "DLC garantie au client": "30 jour(s)"
  },
  {
    "Rayon": "Pains Viennoiserie Pâtes",
    "Libellé produit": "Pain aux fruits. précuit sur sole",
    "Marque": "BRIDOR",
    "Code Produit": "665406",
    "Température": "Surgele",
    "Conditionnement": "Portion de 180 g. Colis de 20 portions.",
    "Unité de commande": "colis",
    "Prix": "32,77 EUR",
    "Prix à l'unité de mesure": "9,10 EUR / kg",
    "Prix à la portion": "1,64 EUR / Portion",
    "DLC garantie au client": "30 jour(s)"
  },
  {
    "Rayon": "Accompagnements Assaisonnement",
    "Libellé produit": "Huile d'olive prodigieuse",
    "Marque": "BORGES",
    "Code Produit": "667246",
    "Température": "Ambiant",
    "Conditionnement": "Par bouteille de 500 ml. Colis de 12 bouteilles.",
    "Unité de commande": "bouteille",
    "Prix": "6,46 EUR",
    "Prix à l'unité de mesure": "12,91 EUR / L",
    "Prix à la portion": "77,47 EUR / colis",
    "DLC garantie au client": "30 jour(s)"
  },
  {
    "Rayon": "Accompagnements Assaisonnement",
    "Libellé produit": "Crème de balsamique de Modène. igp",
    "Marque": "BORGES",
    "Code Produit": "668087",
    "Température": "Ambiant",
    "Conditionnement": "Par bouteille de 400 ml. Colis de 6 bouteilles.",
    "Unité de commande": "bouteille",
    "Prix": "6,09 EUR",
    "Prix à l'unité de mesure": "15,23 EUR / L",
    "Prix à la portion": "36,55 EUR / colis",
    "DLC garantie au client": "30 jour(s)"
  },
  {
    "Rayon": "Épicerie",
    "Libellé produit": "Citron confit en saumure",
    "Marque": "AFL",
    "Code Produit": "669169",
    "Température": "Frais",
    "Conditionnement": "Par seau de 2.7 kg. Colis de 2 seaux.",
    "Unité de commande": "seau",
    "Prix": "21,42 EUR",
    "Prix à l'unité de mesure": "7,93 EUR / kg",
    "Prix à la portion": "42,85 EUR / colis",
    "DLC garantie au client": "7 jour(s)"
  },
  {
    "Rayon": "Accompagnements Assaisonnement",
    "Libellé produit": "Frite fry'n'dip",
    "Marque": "MC CAIN",
    "Code Produit": "669341",
    "Température": "Surgele",
    "Conditionnement": "Sachet de 2.5 kg. Colis de 5 sachets.",
    "Unité de commande": "colis",
    "Prix": "33,77 EUR",
    "Prix à l'unité de mesure": "2,70 EUR / kg",
    "Prix à la portion": "6,75 EUR / sachet",
    "DLC garantie au client": "30 jour(s)"
  },
  {
    "Rayon": "Accompagnements Assaisonnement",
    "Libellé produit": "Conchiglioni igp",
    "Marque": "GAROFALO",
    "Code Produit": "672280",
    "Température": "Ambiant",
    "Conditionnement": "Par paquet de 500 g. Colis de 12 paquets.",
    "Unité de commande": "paquet",
    "Prix": "2,23 EUR",
    "Prix à l'unité de mesure": "4,45 EUR / kg",
    "Prix à la portion": "26,70 EUR / colis",
    "DLC garantie au client": "30 jour(s)"
  },
  {
    "Rayon": "Épicerie",
    "Libellé produit": "Abricots moelleux n°4. standard",
    "Marque": "MAITRE PRUNILLE",
    "Code Produit": "676965",
    "Température": "Ambiant",
    "Conditionnement": "Par sachet de 1 kg. Colis de 8 sachets.",
    "Unité de commande": "sachet",
    "Prix": "11,17 EUR",
    "Prix à l'unité de mesure": "11,17 EUR / kg",
    "Prix à la portion": "89,32 EUR / colis",
    "DLC garantie au client": "30 jour(s)"
  },
  {
    "Rayon": "Pains Viennoiserie Pâtes",
    "Libellé produit": "Pain de mie sans croûte. dimension 12 x 12 cm. longue conservation",
    "Marque": "HARRYS FOOD SERVICE",
    "Code Produit": "679027",
    "Température": "Ambiant",
    "Conditionnement": "Par sachet de 500 g. Colis de 10 sachets.",
    "Unité de commande": "sachet",
    "Prix": "3,28 EUR",
    "Prix à l'unité de mesure": "6,57 EUR / kg",
    "Prix à la portion": "32,84 EUR / colis",
    "DLC garantie au client": "7 jour(s)"
  },
  {
    "Rayon": "Fruits et Légumes",
    "Libellé produit": "Echalote longue. catégorie 1. France",
    "Marque": "STKFL",
    "Code Produit": "679655",
    "Température": "Frais",
    "Conditionnement": "Par filet de 1 kg.",
    "Unité de commande": "filet",
    "Prix": "2,25 EUR",
    "Prix à l'unité de mesure": "2,25 EUR / kg",
    "Prix à la portion": "",
    "DLC garantie au client": ""
  },
  {
    "Rayon": "Fruits et Légumes",
    "Libellé produit": "Mélange gourmand",
    "Marque": "FLORETTE",
    "Code Produit": "703679",
    "Température": "Frais",
    "Conditionnement": "Par sachet de 500 g. Colis de 6 sachets.",
    "Unité de commande": "sachet",
    "Prix": "3,47 EUR",
    "Prix à l'unité de mesure": "6,94 EUR / kg",
    "Prix à la portion": "20,81 EUR / colis",
    "DLC garantie au client": "3 jour(s)"
  },
  {
    "Rayon": "Équipement Hygiène",
    "Libellé produit": "Ficelle de cuisine lin blc 1kg. -. -",
    "Marque": "MATFER",
    "Code Produit": "704122",
    "Température": "Ambiant",
    "Conditionnement": "",
    "Unité de commande": "pièce",
    "Prix": "38,43 EUR",
    "Prix à l'unité de mesure": "",
    "Prix à la portion": "",
    "DLC garantie au client": ""
  },
  {
    "Rayon": "Fruits et Légumes",
    "Libellé produit": "Pomme de terre. ratte lavee 18/32. categorie 1",
    "Marque": "STKFL",
    "Code Produit": "706262",
    "Température": "Frais",
    "Conditionnement": "Par colis de 5 kg.",
    "Unité de commande": "colis",
    "Prix": "16,90 EUR",
    "Prix à l'unité de mesure": "3,38 EUR / kg",
    "Prix à la portion": "",
    "DLC garantie au client": ""
  },
  {
    "Rayon": "Équipement Hygiène",
    "Libellé produit": "ETIQUETTE REPAS TEMOIN. COLIS DE 2500 ETIQUETTES",
    "Marque": "ALPHAFORM",
    "Code Produit": "711875",
    "Température": "Ambiant",
    "Conditionnement": "Colis de 2500 portions.",
    "Unité de commande": "colis",
    "Prix": "44,62 EUR",
    "Prix à l'unité de mesure": "",
    "Prix à la portion": "0,02 EUR / Portion",
    "DLC garantie au client": ""
  },
  {
    "Rayon": "Fruits et Légumes",
    "Libellé produit": "Coriandre. catégorie 1. France",
    "Marque": "STKFL",
    "Code Produit": "712763",
    "Température": "Frais",
    "Conditionnement": "Par sachet de 100 g.",
    "Unité de commande": "sachet",
    "Prix": "2,65 EUR",
    "Prix à l'unité de mesure": "26,53 EUR / kg",
    "Prix à la portion": "",
    "DLC garantie au client": ""
  },
  {
    "Rayon": "Fruits et Légumes",
    "Libellé produit": "Menthe. catégorie 1. France",
    "Marque": "STKFL",
    "Code Produit": "712764",
    "Température": "Frais",
    "Conditionnement": "Par sachet de 100 g.",
    "Unité de commande": "sachet",
    "Prix": "2,65 EUR",
    "Prix à l'unité de mesure": "26,53 EUR / kg",
    "Prix à la portion": "",
    "DLC garantie au client": ""
  },
  {
    "Rayon": "Équipement Hygiène",
    "Libellé produit": "Assiette ronde carton. diamètreetre 175mm. paquet de 100",
    "Marque": "RONDOPACK",
    "Code Produit": "713010",
    "Température": "Ambiant",
    "Conditionnement": "Sachet de 100 portions.",
    "Unité de commande": "sachet",
    "Prix": "3,61 EUR",
    "Prix à l'unité de mesure": "",
    "Prix à la portion": "0,04 EUR / Portion",
    "DLC garantie au client": ""
  },
  {
    "Rayon": "Fruits et Légumes",
    "Libellé produit": "Pousse betterave. catégorie 1",
    "Marque": "STKFL",
    "Code Produit": "715673",
    "Température": "Frais",
    "Conditionnement": "Par colis de 1 kg.",
    "Unité de commande": "colis",
    "Prix": "12,47 EUR",
    "Prix à l'unité de mesure": "12,47 EUR / kg",
    "Prix à la portion": "",
    "DLC garantie au client": ""
  },
  {
    "Rayon": "Fruits et Légumes",
    "Libellé produit": "Fraise AA. catégorie 1",
    "Marque": "STKFL",
    "Code Produit": "719501",
    "Température": "Frais",
    "Conditionnement": "Barquette de 500 g. Colis de 8 barquettes.",
    "Unité de commande": "colis",
    "Prix": "56,75 EUR",
    "Prix à l'unité de mesure": "14,19 EUR / kg",
    "Prix à la portion": "7,09 EUR / barquette",
    "DLC garantie au client": ""
  },
  {
    "Rayon": "Fruits et Légumes",
    "Libellé produit": "Tomate grappe. catégorie 1",
    "Marque": "STKFL",
    "Code Produit": "724114",
    "Température": "Frais",
    "Conditionnement": "Par colis de 5 kg.",
    "Unité de commande": "colis",
    "Prix": "8,55 EUR",
    "Prix à l'unité de mesure": "1,71 EUR / kg",
    "Prix à la portion": "",
    "DLC garantie au client": ""
  },
  {
    "Rayon": "Fruits et Légumes",
    "Libellé produit": "Feuille chêne rouge. catégorie 1. France",
    "Marque": "STKFL",
    "Code Produit": "742698",
    "Température": "Frais",
    "Conditionnement": "Pièce de 300 g. Colis de 6 pièces.",
    "Unité de commande": "colis",
    "Prix": "6,66 EUR",
    "Prix à l'unité de mesure": "3,70 EUR / kg",
    "Prix à la portion": "1,11 EUR / pièce",
    "DLC garantie au client": ""
  },
  {
    "Rayon": "Fruits et Légumes",
    "Libellé produit": "Batavia. catégorie 1. France",
    "Marque": "STKFL",
    "Code Produit": "742701",
    "Température": "Frais",
    "Conditionnement": "Pièce de 300 g. Colis de 6 pièces.",
    "Unité de commande": "colis",
    "Prix": "6,66 EUR",
    "Prix à l'unité de mesure": "3,70 EUR / kg",
    "Prix à la portion": "1,11 EUR / pièce",
    "DLC garantie au client": ""
  },
  {
    "Rayon": "Épicerie",
    "Libellé produit": "Salade 5 fruits premium. petite coupe",
    "Marque": "FRUITY PACK",
    "Code Produit": "743279",
    "Température": "Frais",
    "Conditionnement": "Par seau de 3 kg.",
    "Unité de commande": "seau",
    "Prix": "18,88 EUR",
    "Prix à l'unité de mesure": "6,29 EUR / kg",
    "Prix à la portion": "",
    "DLC garantie au client": "3 jour(s)"
  },
  {
    "Rayon": "Fruits et Légumes",
    "Libellé produit": "Myrtille. catégorie 1",
    "Marque": "STKFL",
    "Code Produit": "743560",
    "Température": "Frais",
    "Conditionnement": "Par seau de 300 g. Colis de 6 seaux.",
    "Unité de commande": "seau",
    "Prix": "6,30 EUR",
    "Prix à l'unité de mesure": "21,01 EUR / kg",
    "Prix à la portion": "37,82 EUR / colis",
    "DLC garantie au client": ""
  },
  {
    "Rayon": "Épicerie",
    "Libellé produit": "Salade de fruits fraicheur. petite coupe",
    "Marque": "FRUITY PACK",
    "Code Produit": "753716",
    "Température": "Frais",
    "Conditionnement": "Par seau de 3 kg.",
    "Unité de commande": "seau",
    "Prix": "13,51 EUR",
    "Prix à l'unité de mesure": "4,50 EUR / kg",
    "Prix à la portion": "",
    "DLC garantie au client": "3 jour(s)"
  },
  {
    "Rayon": "Fruits et Légumes",
    "Libellé produit": "ECHALOTE EMINCEE",
    "Marque": "ROSEE DES CHAMPS",
    "Code Produit": "756925",
    "Température": "Frais",
    "Conditionnement": "Par sachet de 1 kg.",
    "Unité de commande": "sachet",
    "Prix": "8,46 EUR",
    "Prix à l'unité de mesure": "8,46 EUR / kg",
    "Prix à la portion": "",
    "DLC garantie au client": "4 jour(s)"
  },
  {
    "Rayon": "Fruits et Légumes",
    "Libellé produit": "POIVRON ROUGE EMINCE",
    "Marque": "ROSEE DES CHAMPS",
    "Code Produit": "756926",
    "Température": "Frais",
    "Conditionnement": "Par sachet de 1 kg.",
    "Unité de commande": "sachet",
    "Prix": "7,18 EUR",
    "Prix à l'unité de mesure": "7,18 EUR / kg",
    "Prix à la portion": "",
    "DLC garantie au client": "3 jour(s)"
  },
  {
    "Rayon": "Fruits et Légumes",
    "Libellé produit": "TOMATE CUBE 1CM",
    "Marque": "ROSEE DES CHAMPS",
    "Code Produit": "756927",
    "Température": "Frais",
    "Conditionnement": "Par barquette de 1 kg.",
    "Unité de commande": "barquette",
    "Prix": "4,91 EUR",
    "Prix à l'unité de mesure": "4,91 EUR / kg",
    "Prix à la portion": "",
    "DLC garantie au client": "4 jour(s)"
  },
  {
    "Rayon": "Fruits et Légumes",
    "Libellé produit": "OIGNON ROUGE EMINCE",
    "Marque": "ROSEE DES CHAMPS",
    "Code Produit": "756930",
    "Température": "Frais",
    "Conditionnement": "Par sachet de 1 kg.",
    "Unité de commande": "sachet",
    "Prix": "5,11 EUR",
    "Prix à l'unité de mesure": "5,11 EUR / kg",
    "Prix à la portion": "",
    "DLC garantie au client": "4 jour(s)"
  },
  {
    "Rayon": "Équipement Hygiène",
    "Libellé produit": "Ruban patissier en pvc. dimensions 250 m x 60 mm. -",
    "Marque": "MATFER",
    "Code Produit": "759886",
    "Température": "Ambiant",
    "Conditionnement": "",
    "Unité de commande": "pièce",
    "Prix": "59,14 EUR",
    "Prix à l'unité de mesure": "",
    "Prix à la portion": "",
    "DLC garantie au client": ""
  },
  {
    "Rayon": "Fruits et Légumes",
    "Libellé produit": "Oignon jaune 60/80. catégorie 1. France",
    "Marque": "STKFL",
    "Code Produit": "767377",
    "Température": "Frais",
    "Conditionnement": "Par filet de 1 kg. Colis de 100 filets.",
    "Unité de commande": "filet",
    "Prix": "0,80 EUR",
    "Prix à l'unité de mesure": "0,80 EUR / kg",
    "Prix à la portion": "80,00 EUR / colis",
    "DLC garantie au client": ""
  },
  {
    "Rayon": "Équipement Hygiène",
    "Libellé produit": "Boite à couvercle 1200cc. translucide. sachet de 50",
    "Marque": "ONDIPACK",
    "Code Produit": "771725",
    "Température": "Ambiant",
    "Conditionnement": "Sachet de 50 portions.",
    "Unité de commande": "sachet",
    "Prix": "16,63 EUR",
    "Prix à l'unité de mesure": "",
    "Prix à la portion": "0,33 EUR / Portion",
    "DLC garantie au client": ""
  },
  {
    "Rayon": "Fruits et Légumes",
    "Libellé produit": "Mélange potage 4 légumes",
    "Marque": "ROSEE DES CHAMPS",
    "Code Produit": "773517",
    "Température": "Frais",
    "Conditionnement": "Sachet de 5 kg. Colis de 2 sachets.",
    "Unité de commande": "colis",
    "Prix": "41,10 EUR",
    "Prix à l'unité de mesure": "4,11 EUR / kg",
    "Prix à la portion": "20,55 EUR / sachet",
    "DLC garantie au client": "4 jour(s)"
  },
  {
    "Rayon": "Équipement Hygiène",
    "Libellé produit": "Papier toilette. mini jumbo. rouleau de 180 m",
    "Marque": "TORK",
    "Code Produit": "773564",
    "Température": "Ambiant",
    "Conditionnement": "Colis de 12 portions.",
    "Unité de commande": "colis",
    "Prix": "32,28 EUR",
    "Prix à l'unité de mesure": "",
    "Prix à la portion": "2,69 EUR / Portion",
    "DLC garantie au client": ""
  },
  {
    "Rayon": "Équipement Hygiène",
    "Libellé produit": "\"Cartouche \"\"Stop gaz\"\" 360 ml. cartouche securisee. colis de 36\"",
    "Marque": "MATFER",
    "Code Produit": "774331",
    "Température": "Ambiant",
    "Conditionnement": "Par pièce de 360 ml. Colis de 36 pièces.",
    "Unité de commande": "pièce",
    "Prix": "3,62 EUR",
    "Prix à l'unité de mesure": "10,04 EUR / L",
    "Prix à la portion": "130,18 EUR / colis",
    "DLC garantie au client": ""
  },
  {
    "Rayon": "Fruits et Légumes",
    "Libellé produit": "Carotte. catégorie 1. France",
    "Marque": "STKFL",
    "Code Produit": "785387",
    "Température": "Frais",
    "Conditionnement": "Par sachet de 1.5 kg.",
    "Unité de commande": "sachet",
    "Prix": "2,09 EUR",
    "Prix à l'unité de mesure": "1,39 EUR / kg",
    "Prix à la portion": "",
    "DLC garantie au client": ""
  },
  {
    "Rayon": "Fruits et Légumes",
    "Libellé produit": "Pomme de terre. maiwen brossee 40/60 bio. categorie 2",
    "Marque": "AFL",
    "Code Produit": "785809",
    "Température": "Frais",
    "Conditionnement": "Par colis de 10 kg.",
    "Unité de commande": "colis",
    "Prix": "17,10 EUR",
    "Prix à l'unité de mesure": "1,71 EUR / kg",
    "Prix à la portion": "",
    "DLC garantie au client": ""
  },
  {
    "Rayon": "Desserts Glaces",
    "Libellé produit": "Feuille de génoise nature. dimension 580 x 380 x 8mm. pochon de 7 feuilles",
    "Marque": "JEAN DUCOURTIEUX",
    "Code Produit": "786368",
    "Température": "Ambiant",
    "Conditionnement": "Portion de 400 g. Colis de 14 portions.",
    "Unité de commande": "colis",
    "Prix": "66,79 EUR",
    "Prix à l'unité de mesure": "11,93 EUR / kg",
    "Prix à la portion": "4,77 EUR / Portion",
    "DLC garantie au client": "7 jour(s)"
  },
  {
    "Rayon": "Accompagnements Assaisonnement",
    "Libellé produit": "Sauce Vinaigrette Sésame-Soja. 1L",
    "Marque": "MAILLE",
    "Code Produit": "786673",
    "Température": "Ambiant",
    "Conditionnement": "Par bouteille de 1 litre. Colis de 6 bouteilles.",
    "Unité de commande": "bouteille",
    "Prix": "11,95 EUR",
    "Prix à l'unité de mesure": "11,95 EUR / L",
    "Prix à la portion": "71,70 EUR / colis",
    "DLC garantie au client": "7 jour(s)"
  },
  {
    "Rayon": "Accompagnements Assaisonnement",
    "Libellé produit": "Sauce Vinaigrette Agrumes 1L",
    "Marque": "MAILLE",
    "Code Produit": "786780",
    "Température": "Ambiant",
    "Conditionnement": "Par bouteille de 1 litre. Colis de 6 bouteilles.",
    "Unité de commande": "bouteille",
    "Prix": "11,95 EUR",
    "Prix à l'unité de mesure": "11,95 EUR / L",
    "Prix à la portion": "71,70 EUR / colis",
    "DLC garantie au client": "7 jour(s)"
  },
  {
    "Rayon": "Accompagnements Assaisonnement",
    "Libellé produit": "Sauce Vinaigrette Basilic 1L",
    "Marque": "MAILLE",
    "Code Produit": "786806",
    "Température": "Ambiant",
    "Conditionnement": "Par bouteille de 1 litre. Colis de 6 bouteilles.",
    "Unité de commande": "bouteille",
    "Prix": "11,95 EUR",
    "Prix à l'unité de mesure": "11,95 EUR / L",
    "Prix à la portion": "71,70 EUR / colis",
    "DLC garantie au client": "7 jour(s)"
  },
  {
    "Rayon": "Desserts Glaces",
    "Libellé produit": "Crème de marrons",
    "Marque": "CLEMENT FAUGIER",
    "Code Produit": "787978",
    "Température": "Ambiant",
    "Conditionnement": "Par boite 1/2 de 500 g. Colis de 12 boites 1/2.",
    "Unité de commande": "boite 1/2",
    "Prix": "3,17 EUR",
    "Prix à l'unité de mesure": "6,33 EUR / kg",
    "Prix à la portion": "38,00 EUR / colis",
    "DLC garantie au client": "30 jour(s)"
  },
  {
    "Rayon": "Crèmerie Œufs Fromages",
    "Libellé produit": "Crème végétop 35% m.g.",
    "Marque": "DEBIC",
    "Code Produit": "792622",
    "Température": "Frais",
    "Conditionnement": "Par bouteille de 1 litre. Colis de 6 bouteilles.",
    "Unité de commande": "bouteille",
    "Prix": "4,05 EUR",
    "Prix à l'unité de mesure": "4,05 EUR / L",
    "Prix à la portion": "24,27 EUR / colis",
    "DLC garantie au client": "7 jour(s)"
  },
  {
    "Rayon": "Équipement Hygiène",
    "Libellé produit": "Sac sous vide gaufre 90 micron. dim. 30 x 40 cm",
    "Marque": "MATFER",
    "Code Produit": "800020",
    "Température": "Ambiant",
    "Conditionnement": "Paquet de 100 portions.",
    "Unité de commande": "paquet",
    "Prix": "23,29 EUR",
    "Prix à l'unité de mesure": "",
    "Prix à la portion": "0,23 EUR / Portion",
    "DLC garantie au client": ""
  },
  {
    "Rayon": "Viandes Volailles Gibier",
    "Libellé produit": "Côte de Veau V 1ère. dévertébrée / papillotée",
    "Marque": "BEAUVALLET RESTAURATION",
    "Code Produit": "800067",
    "Température": "Frais",
    "Conditionnement": "Portion de 280 g. Pièce de 6 portions.",
    "Unité de commande": "pièce",
    "Prix": "54,47 EUR",
    "Prix à l'unité de mesure": "32,42 EUR / kg",
    "Prix à la portion": "9,08 EUR / Portion",
    "DLC garantie au client": "7 jour(s)"
  },
  {
    "Rayon": "Crèmerie Œufs Fromages",
    "Libellé produit": "Crème excellence cuisine et. pâtisserie uht",
    "Marque": "ELLE & VIRE",
    "Code Produit": "800079",
    "Température": "Frais",
    "Conditionnement": "Brick de 1 litre. Colis de 6 bricks.",
    "Unité de commande": "colis",
    "Prix": "37,85 EUR",
    "Prix à l'unité de mesure": "6,31 EUR / L",
    "Prix à la portion": "6,31 EUR / brick",
    "DLC garantie au client": "7 jour(s)"
  },
  {
    "Rayon": "Pains Viennoiserie Pâtes",
    "Libellé produit": "Croissant au beurre. pret à cuire. AOP charente-poitou",
    "Marque": "ECLAT DU TERROIR",
    "Code Produit": "801787",
    "Température": "Surgele",
    "Conditionnement": "Portion de 80 g. Colis de 60 portions.",
    "Unité de commande": "colis",
    "Prix": "35,75 EUR",
    "Prix à l'unité de mesure": "7,45 EUR / kg",
    "Prix à la portion": "0,60 EUR / Portion",
    "DLC garantie au client": "30 jour(s)"
  },
  {
    "Rayon": "Épicerie",
    "Libellé produit": "Coco pops ration",
    "Marque": "KELLOGG'S",
    "Code Produit": "802132",
    "Température": "Ambiant",
    "Conditionnement": "Portion de 35 g. Colis de 40 portions.",
    "Unité de commande": "colis",
    "Prix": "28,34 EUR",
    "Prix à l'unité de mesure": "20,24 EUR / kg",
    "Prix à la portion": "0,71 EUR / Portion",
    "DLC garantie au client": "30 jour(s)"
  },
  {
    "Rayon": "Épicerie",
    "Libellé produit": "Corn flakes original ration",
    "Marque": "KELLOGG'S",
    "Code Produit": "802181",
    "Température": "Ambiant",
    "Conditionnement": "Portion de 24 g. Colis de 40 portions.",
    "Unité de commande": "colis",
    "Prix": "24,55 EUR",
    "Prix à l'unité de mesure": "25,57 EUR / kg",
    "Prix à la portion": "0,61 EUR / Portion",
    "DLC garantie au client": "30 jour(s)"
  },
  {
    "Rayon": "Pâtisserie Biscuiterie Confiserie",
    "Libellé produit": "Beurre de cacao",
    "Marque": "CACAO BARRY",
    "Code Produit": "803106",
    "Température": "Ambiant",
    "Conditionnement": "Par seau de 3 kg. Colis de 4 seaux.",
    "Unité de commande": "seau",
    "Prix": "147,87 EUR",
    "Prix à l'unité de mesure": "49,29 EUR / kg",
    "Prix à la portion": "591,47 EUR / colis",
    "DLC garantie au client": "30 jour(s)"
  },
  {
    "Rayon": "Poissons Coquillages Crustacés",
    "Libellé produit": "Crevettes entières crues. sauvages congelées 16/24. pièces",
    "Marque": "GEL PECHE",
    "Code Produit": "804709",
    "Température": "Surgele",
    "Conditionnement": "Par barquette de 800 g. Colis de 10 barquettes.",
    "Unité de commande": "barquette",
    "Prix": "16,94 EUR",
    "Prix à l'unité de mesure": "21,18 EUR / kg",
    "Prix à la portion": "169,40 EUR / colis",
    "DLC garantie au client": "30 jour(s)"
  },
  {
    "Rayon": "Pâtisserie Biscuiterie Confiserie",
    "Libellé produit": "Madeleine nappée chocolat",
    "Marque": "ST MICHEL",
    "Code Produit": "805887",
    "Température": "Ambiant",
    "Conditionnement": "Portion de 25 g. Colis de 100 portions.",
    "Unité de commande": "colis",
    "Prix": "30,64 EUR",
    "Prix à l'unité de mesure": "12,26 EUR / kg",
    "Prix à la portion": "0,31 EUR / Portion",
    "DLC garantie au client": "7 jour(s)"
  },
  {
    "Rayon": "Épicerie",
    "Libellé produit": "Confiture d'orange",
    "Marque": "LOREZTIA",
    "Code Produit": "805903",
    "Température": "Ambiant",
    "Conditionnement": "Par pot de 300 g. Colis de 12 pots.",
    "Unité de commande": "pot",
    "Prix": "3,81 EUR",
    "Prix à l'unité de mesure": "12,69 EUR / kg",
    "Prix à la portion": "45,70 EUR / colis",
    "DLC garantie au client": "30 jour(s)"
  },
  {
    "Rayon": "Fruits et Légumes",
    "Libellé produit": "Carotte jaune entière épluchée",
    "Marque": "ROSEE DES CHAMPS",
    "Code Produit": "805912",
    "Température": "Frais",
    "Conditionnement": "Sachet de 5 kg. Colis de 2 sachets.",
    "Unité de commande": "colis",
    "Prix": "43,00 EUR",
    "Prix à l'unité de mesure": "4,30 EUR / kg",
    "Prix à la portion": "21,50 EUR / sachet",
    "DLC garantie au client": "3 jour(s)"
  },
  {
    "Rayon": "Épicerie",
    "Libellé produit": "Confiture de cerise noire. allégée en sucre",
    "Marque": "LOREZTIA",
    "Code Produit": "805978",
    "Température": "Ambiant",
    "Conditionnement": "Par pot de 300 g. Colis de 12 pots.",
    "Unité de commande": "pot",
    "Prix": "4,04 EUR",
    "Prix à l'unité de mesure": "13,45 EUR / kg",
    "Prix à la portion": "48,42 EUR / colis",
    "DLC garantie au client": "30 jour(s)"
  },
  {
    "Rayon": "Épicerie",
    "Libellé produit": "Cube de fruits confits. tricolores, 6 mm",
    "Marque": "APTUNION",
    "Code Produit": "807321",
    "Température": "Ambiant",
    "Conditionnement": "Par boite de 1 kg. Colis de 12 boites.",
    "Unité de commande": "boite",
    "Prix": "6,22 EUR",
    "Prix à l'unité de mesure": "6,22 EUR / kg",
    "Prix à la portion": "74,62 EUR / colis",
    "DLC garantie au client": "30 jour(s)"
  },
  {
    "Rayon": "Accompagnements Assaisonnement",
    "Libellé produit": "Sauce Vinaigrette Balsamique. -Fraise 1L",
    "Marque": "MAILLE",
    "Code Produit": "807867",
    "Température": "Ambiant",
    "Conditionnement": "Par flacon de 1 litre. Colis de 6 flacons.",
    "Unité de commande": "flacon",
    "Prix": "12,56 EUR",
    "Prix à l'unité de mesure": "12,56 EUR / L",
    "Prix à la portion": "75,35 EUR / colis",
    "DLC garantie au client": "30 jour(s)"
  },
  {
    "Rayon": "Pains Viennoiserie Pâtes",
    "Libellé produit": "Tortilla de blé nature 30 cm",
    "Marque": "POCO LOCO",
    "Code Produit": "811796",
    "Température": "Ambiant",
    "Conditionnement": "Portion de 100 g. Paquet de 18 portions.",
    "Unité de commande": "paquet",
    "Prix": "7,03 EUR",
    "Prix à l'unité de mesure": "3,91 EUR / kg",
    "Prix à la portion": "0,39 EUR / Portion",
    "DLC garantie au client": "30 jour(s)"
  },
  {
    "Rayon": "Viandes Volailles Gibier",
    "Libellé produit": "Tartare  5 % m.g. VBF. s/atmosphère",
    "Marque": "BEAUVALLET RESTAURATION",
    "Code Produit": "816595",
    "Température": "Frais",
    "Conditionnement": "Portion de 150 g. Colis de 16 portions.",
    "Unité de commande": "colis",
    "Prix": "42,56 EUR",
    "Prix à l'unité de mesure": "17,74 EUR / kg",
    "Prix à la portion": "2,66 EUR / Portion",
    "DLC garantie au client": "5 jour(s)"
  },
  {
    "Rayon": "Accompagnements Assaisonnement",
    "Libellé produit": "Petits pois maraîcher minute. ce2",
    "Marque": "BONDUELLE FOOD SERVICE",
    "Code Produit": "822808",
    "Température": "Surgele",
    "Conditionnement": "Par sachet de 2.5 kg. Colis de 4 sachets.",
    "Unité de commande": "sachet",
    "Prix": "11,03 EUR",
    "Prix à l'unité de mesure": "4,41 EUR / kg",
    "Prix à la portion": "44,13 EUR / colis",
    "DLC garantie au client": "30 jour(s)"
  },
  {
    "Rayon": "Fruits et Légumes",
    "Libellé produit": "Pitaya chair rouge. catégorie 1",
    "Marque": "STKFL",
    "Code Produit": "824874",
    "Température": "Frais",
    "Conditionnement": "Par colis de 3 kg.",
    "Unité de commande": "colis",
    "Prix": "39,43 EUR",
    "Prix à l'unité de mesure": "13,14 EUR / kg",
    "Prix à la portion": "",
    "DLC garantie au client": ""
  },
  {
    "Rayon": "Fruits et Légumes",
    "Libellé produit": "Oseille. catégorie 1",
    "Marque": "STKFL",
    "Code Produit": "831132",
    "Température": "Frais",
    "Conditionnement": "Par pièce de 30 g.",
    "Unité de commande": "pièce",
    "Prix": "0,68 EUR",
    "Prix à l'unité de mesure": "22,70 EUR / kg",
    "Prix à la portion": "",
    "DLC garantie au client": ""
  },
  {
    "Rayon": "Équipement Hygiène",
    "Libellé produit": "Etiquette prodate jaune. rouleau de 250. boite de 5",
    "Marque": "",
    "Code Produit": "833580",
    "Température": "Ambiant",
    "Conditionnement": "",
    "Unité de commande": "boite",
    "Prix": "64,34 EUR",
    "Prix à l'unité de mesure": "",
    "Prix à la portion": "",
    "DLC garantie au client": ""
  },
  {
    "Rayon": "Viandes Volailles Gibier",
    "Libellé produit": "Noix patissière d'agneau. décongelé",
    "Marque": "BEAUVALLET RESTAURATION",
    "Code Produit": "833696",
    "Température": "Frais",
    "Conditionnement": "Portion de 350 g. Sachet de 6 portions.",
    "Unité de commande": "sachet",
    "Prix": "47,23 EUR",
    "Prix à l'unité de mesure": "22,49 EUR / kg",
    "Prix à la portion": "7,87 EUR / Portion",
    "DLC garantie au client": "7 jour(s)"
  },
  {
    "Rayon": "Épicerie",
    "Libellé produit": "Spécial K",
    "Marque": "KELLOGG'S",
    "Code Produit": "833810",
    "Température": "Ambiant",
    "Conditionnement": "Portion de 500 g. Colis de 8 portions.",
    "Unité de commande": "colis",
    "Prix": "48,76 EUR",
    "Prix à l'unité de mesure": "12,19 EUR / kg",
    "Prix à la portion": "6,09 EUR / Portion",
    "DLC garantie au client": "30 jour(s)"
  },
  {
    "Rayon": "Viandes Volailles Gibier",
    "Libellé produit": "Côte de porc 1ère dévertébrée. papillotée",
    "Marque": "BEAUVALLET RESTAURATION",
    "Code Produit": "834770",
    "Température": "Frais",
    "Conditionnement": "Portion de 300 g. Colis de 4 portions.",
    "Unité de commande": "colis",
    "Prix": "13,89 EUR",
    "Prix à l'unité de mesure": "11,57 EUR / kg",
    "Prix à la portion": "3,47 EUR / Portion",
    "DLC garantie au client": "3 jour(s)"
  },
  {
    "Rayon": "Fruits et Légumes",
    "Libellé produit": "Pomme pink lady 80/85. catégorie 1",
    "Marque": "STKFL",
    "Code Produit": "838178",
    "Température": "Frais",
    "Conditionnement": "Par colis de 4 kg.",
    "Unité de commande": "colis",
    "Prix": "14,70 EUR",
    "Prix à l'unité de mesure": "3,68 EUR / kg",
    "Prix à la portion": "",
    "DLC garantie au client": ""
  },
  {
    "Rayon": "Boissons",
    "Libellé produit": "Jus de pomme Tropicana",
    "Marque": "TROPICANA",
    "Code Produit": "838698",
    "Température": "Ambiant",
    "Conditionnement": "Par bag in box de 10 litre.",
    "Unité de commande": "bag in box",
    "Prix": "34,15 EUR",
    "Prix à l'unité de mesure": "3,42 EUR / L",
    "Prix à la portion": "",
    "DLC garantie au client": "30 jour(s)"
  },
  {
    "Rayon": "Épicerie",
    "Libellé produit": "Nutella",
    "Marque": "NUTELLA",
    "Code Produit": "838839",
    "Température": "Ambiant",
    "Conditionnement": "Portion de 15 g. Colis de 120 portions.",
    "Unité de commande": "colis",
    "Prix": "25,38 EUR",
    "Prix à l'unité de mesure": "14,10 EUR / kg",
    "Prix à la portion": "0,21 EUR / Portion",
    "DLC garantie au client": "30 jour(s)"
  },
  {
    "Rayon": "Accompagnements Assaisonnement",
    "Libellé produit": "Coquillette Bio",
    "Marque": "ALPINA SAVOIE",
    "Code Produit": "840363",
    "Température": "Ambiant",
    "Conditionnement": "Par sac de 5 kg.",
    "Unité de commande": "sac",
    "Prix": "14,41 EUR",
    "Prix à l'unité de mesure": "2,88 EUR / kg",
    "Prix à la portion": "",
    "DLC garantie au client": "30 jour(s)"
  },
  {
    "Rayon": "Pâtisserie Biscuiterie Confiserie",
    "Libellé produit": "Bicarbonate de soude",
    "Marque": "LOUIS FRANCOIS",
    "Code Produit": "840959",
    "Température": "Ambiant",
    "Conditionnement": "Par boite de 1 kg. Colis de 12 boites.",
    "Unité de commande": "boite",
    "Prix": "9,36 EUR",
    "Prix à l'unité de mesure": "9,36 EUR / kg",
    "Prix à la portion": "112,37 EUR / colis",
    "DLC garantie au client": "30 jour(s)"
  },
  {
    "Rayon": "Pâtisserie Biscuiterie Confiserie",
    "Libellé produit": "Praline rouge amande entière. 20%",
    "Marque": "LA DRAGEE DE VALENCE",
    "Code Produit": "841106",
    "Température": "Ambiant",
    "Conditionnement": "Par sac de 1 kg. Colis de 10 sacs.",
    "Unité de commande": "sac",
    "Prix": "5,78 EUR",
    "Prix à l'unité de mesure": "5,78 EUR / kg",
    "Prix à la portion": "57,75 EUR / colis",
    "DLC garantie au client": "30 jour(s)"
  },
  {
    "Rayon": "Crèmerie Œufs Fromages",
    "Libellé produit": "Reblochon de Savoie aop. 27% m.g.",
    "Marque": "POCHAT",
    "Code Produit": "847574",
    "Température": "Frais",
    "Conditionnement": "Par pièce de 450 g. Colis de 6 pièces.",
    "Unité de commande": "pièce",
    "Prix": "11,00 EUR",
    "Prix à l'unité de mesure": "24,45 EUR / kg",
    "Prix à la portion": "66,01 EUR / colis",
    "DLC garantie au client": "7 jour(s)"
  },
  {
    "Rayon": "Accompagnements Assaisonnement",
    "Libellé produit": "Huile d'olive bio. extra vierge",
    "Marque": "BORGES",
    "Code Produit": "848044",
    "Température": "Ambiant",
    "Conditionnement": "Par bouteille de 500 ml. Colis de 12 bouteilles.",
    "Unité de commande": "bouteille",
    "Prix": "6,30 EUR",
    "Prix à l'unité de mesure": "12,60 EUR / L",
    "Prix à la portion": "75,61 EUR / colis",
    "DLC garantie au client": "30 jour(s)"
  },
  {
    "Rayon": "Fruits et Légumes",
    "Libellé produit": "Poivron jaune",
    "Marque": "STKFL",
    "Code Produit": "852087",
    "Température": "Frais",
    "Conditionnement": "Par filet de 1 kg.",
    "Unité de commande": "filet",
    "Prix": "3,34 EUR",
    "Prix à l'unité de mesure": "3,34 EUR / kg",
    "Prix à la portion": "",
    "DLC garantie au client": "4 jour(s)"
  },
  {
    "Rayon": "Boissons",
    "Libellé produit": "Mojito. the fetichist",
    "Marque": "THE FETICHIST",
    "Code Produit": "854606",
    "Température": "Ambiant",
    "Conditionnement": "Par bag in box de 5 litre.",
    "Unité de commande": "bag in box",
    "Prix": "75,00 EUR",
    "Prix à l'unité de mesure": "15,00 EUR / L",
    "Prix à la portion": "",
    "DLC garantie au client": ""
  },
  {
    "Rayon": "Boissons",
    "Libellé produit": "Pornstar martini. the fetichist",
    "Marque": "THE FETICHIST",
    "Code Produit": "854607",
    "Température": "Ambiant",
    "Conditionnement": "Par bag in box de 5 litre.",
    "Unité de commande": "bag in box",
    "Prix": "75,00 EUR",
    "Prix à l'unité de mesure": "15,00 EUR / L",
    "Prix à la portion": "",
    "DLC garantie au client": ""
  },
  {
    "Rayon": "Équipement Hygiène",
    "Libellé produit": "Poches pâtissières jetables. utilisation chaude. dimension 30 x 54 cm",
    "Marque": "LEGAVE",
    "Code Produit": "855445",
    "Température": "Ambiant",
    "Conditionnement": "Boite de 100 portions.",
    "Unité de commande": "boite",
    "Prix": "17,86 EUR",
    "Prix à l'unité de mesure": "",
    "Prix à la portion": "0,18 EUR / Portion",
    "DLC garantie au client": ""
  },
  {
    "Rayon": "Accompagnements Assaisonnement",
    "Libellé produit": "Fumet de crustacés. pour 15 à 30 l",
    "Marque": "CHEF",
    "Code Produit": "859066",
    "Température": "Ambiant",
    "Conditionnement": "Par boite de 900 g. Colis de 6 boites.",
    "Unité de commande": "boite",
    "Prix": "30,93 EUR",
    "Prix à l'unité de mesure": "34,36 EUR / kg",
    "Prix à la portion": "185,57 EUR / colis",
    "DLC garantie au client": "30 jour(s)"
  },
  {
    "Rayon": "Épicerie",
    "Libellé produit": "Confiture fraise",
    "Marque": "BONNE MAMAN",
    "Code Produit": "860008",
    "Température": "Ambiant",
    "Conditionnement": "Pot de 30 g. Colis de 60 pots.",
    "Unité de commande": "colis",
    "Prix": "26,70 EUR",
    "Prix à l'unité de mesure": "14,83 EUR / kg",
    "Prix à la portion": "0,45 EUR / pot",
    "DLC garantie au client": "30 jour(s)"
  },
  {
    "Rayon": "Épicerie",
    "Libellé produit": "Confiture extra abricot",
    "Marque": "BONNE MAMAN",
    "Code Produit": "860009",
    "Température": "Ambiant",
    "Conditionnement": "Pot de 30 g. Colis de 60 pots.",
    "Unité de commande": "colis",
    "Prix": "26,64 EUR",
    "Prix à l'unité de mesure": "14,80 EUR / kg",
    "Prix à la portion": "0,44 EUR / pot",
    "DLC garantie au client": "30 jour(s)"
  },
  {
    "Rayon": "Épicerie",
    "Libellé produit": "Confiture cerise",
    "Marque": "BONNE MAMAN",
    "Code Produit": "860010",
    "Température": "Ambiant",
    "Conditionnement": "Pot de 30 g. Colis de 60 pots.",
    "Unité de commande": "colis",
    "Prix": "26,64 EUR",
    "Prix à l'unité de mesure": "14,80 EUR / kg",
    "Prix à la portion": "0,44 EUR / pot",
    "DLC garantie au client": "30 jour(s)"
  },
  {
    "Rayon": "Épicerie",
    "Libellé produit": "Confiture extre pêche",
    "Marque": "BONNE MAMAN",
    "Code Produit": "860011",
    "Température": "Ambiant",
    "Conditionnement": "Pot de 30 g. Colis de 60 pots.",
    "Unité de commande": "colis",
    "Prix": "26,82 EUR",
    "Prix à l'unité de mesure": "14,90 EUR / kg",
    "Prix à la portion": "0,45 EUR / pot",
    "DLC garantie au client": "30 jour(s)"
  },
  {
    "Rayon": "Épicerie",
    "Libellé produit": "Marmelade oranges amères",
    "Marque": "BONNE MAMAN",
    "Code Produit": "860013",
    "Température": "Ambiant",
    "Conditionnement": "Pot de 30 g. Colis de 60 pots.",
    "Unité de commande": "colis",
    "Prix": "27,36 EUR",
    "Prix à l'unité de mesure": "15,20 EUR / kg",
    "Prix à la portion": "0,46 EUR / pot",
    "DLC garantie au client": "30 jour(s)"
  },
  {
    "Rayon": "Épicerie",
    "Libellé produit": "Sucre en morceau Enveloppé. individuellement. mélange ambre/blanc",
    "Marque": "LA PERRUCHE",
    "Code Produit": "860882",
    "Température": "Ambiant",
    "Conditionnement": "Par boite de 2.5 kg. Colis de 4 boites.",
    "Unité de commande": "boite",
    "Prix": "27,90 EUR",
    "Prix à l'unité de mesure": "11,16 EUR / kg",
    "Prix à la portion": "111,58 EUR / colis",
    "DLC garantie au client": ""
  },
  {
    "Rayon": "Épicerie",
    "Libellé produit": "Corn flakes original",
    "Marque": "KELLOGG'S",
    "Code Produit": "860940",
    "Température": "Ambiant",
    "Conditionnement": "Portion de 500 g. Colis de 8 portions.",
    "Unité de commande": "colis",
    "Prix": "29,79 EUR",
    "Prix à l'unité de mesure": "7,45 EUR / kg",
    "Prix à la portion": "3,72 EUR / Portion",
    "DLC garantie au client": "30 jour(s)"
  },
  {
    "Rayon": "Accompagnements Assaisonnement",
    "Libellé produit": "Coquillette ultra résistante",
    "Marque": "PANZANI",
    "Code Produit": "860973",
    "Température": "Ambiant",
    "Conditionnement": "Par sac de 5 kg.",
    "Unité de commande": "sac",
    "Prix": "17,88 EUR",
    "Prix à l'unité de mesure": "3,58 EUR / kg",
    "Prix à la portion": "",
    "DLC garantie au client": "30 jour(s)"
  },
  {
    "Rayon": "Charcuterie Traiteur",
    "Libellé produit": "Terrine trio de poisson",
    "Marque": "AMAND TRAITEUR",
    "Code Produit": "866269",
    "Température": "Frais",
    "Conditionnement": "Par terrine de 1.5 kg. Colis de 3 terrines.",
    "Unité de commande": "terrine",
    "Prix": "13,09 EUR",
    "Prix à l'unité de mesure": "8,73 EUR / kg",
    "Prix à la portion": "39,27 EUR / colis",
    "DLC garantie au client": "7 jour(s)"
  },
  {
    "Rayon": "Crèmerie Œufs Fromages",
    "Libellé produit": "Crème fraîche épaisse 30% m.g.",
    "Marque": "GRAINDORGE",
    "Code Produit": "866271",
    "Température": "Frais",
    "Conditionnement": "Par seau de 1 litre. Colis de 4 seaux.",
    "Unité de commande": "seau",
    "Prix": "5,30 EUR",
    "Prix à l'unité de mesure": "5,30 EUR / L",
    "Prix à la portion": "21,20 EUR / colis",
    "DLC garantie au client": "7 jour(s)"
  },
  {
    "Rayon": "Fruits et Légumes",
    "Libellé produit": "Ail 5/7. catégorie 1",
    "Marque": "STKFL",
    "Code Produit": "867441",
    "Température": "Frais",
    "Conditionnement": "Par filet de 1 kg.",
    "Unité de commande": "filet",
    "Prix": "7,41 EUR",
    "Prix à l'unité de mesure": "7,41 EUR / kg",
    "Prix à la portion": "",
    "DLC garantie au client": ""
  },
  {
    "Rayon": "Crèmerie Œufs Fromages",
    "Libellé produit": "Ricotta 15 % m.g.",
    "Marque": "AMBROSI",
    "Code Produit": "867770",
    "Température": "Frais",
    "Conditionnement": "Par pièce de 1.5 kg. Colis de 2 pièces.",
    "Unité de commande": "pièce",
    "Prix": "8,10 EUR",
    "Prix à l'unité de mesure": "5,40 EUR / kg",
    "Prix à la portion": "16,20 EUR / colis",
    "DLC garantie au client": "7 jour(s)"
  },
  {
    "Rayon": "Fruits et Légumes",
    "Libellé produit": "Persil plat. catégorie 1. colis vrac de 1kg",
    "Marque": "STKFL",
    "Code Produit": "870319",
    "Température": "Frais",
    "Conditionnement": "Par colis de 1 kg.",
    "Unité de commande": "colis",
    "Prix": "8,40 EUR",
    "Prix à l'unité de mesure": "8,40 EUR / kg",
    "Prix à la portion": "",
    "DLC garantie au client": ""
  },
  {
    "Rayon": "Fruits et Légumes",
    "Libellé produit": "Coeur de romaine x2. catégorie 1",
    "Marque": "STKFL",
    "Code Produit": "870322",
    "Température": "Frais",
    "Conditionnement": "Par sachet de 500 g. Colis de 8 sachets.",
    "Unité de commande": "sachet",
    "Prix": "2,08 EUR",
    "Prix à l'unité de mesure": "4,15 EUR / kg",
    "Prix à la portion": "16,60 EUR / colis",
    "DLC garantie au client": ""
  },
  {
    "Rayon": "Viandes Volailles Gibier",
    "Libellé produit": "Steak haché rond façon. bouchère 15 % m.g. vbf",
    "Marque": "BEAUVALLET RESTAURATION",
    "Code Produit": "873127",
    "Température": "Frais",
    "Conditionnement": "Portion de 180 g. Colis de 16 portions.",
    "Unité de commande": "colis",
    "Prix": "46,90 EUR",
    "Prix à l'unité de mesure": "16,29 EUR / kg",
    "Prix à la portion": "2,93 EUR / Portion",
    "DLC garantie au client": "5 jour(s)"
  },
  {
    "Rayon": "Accompagnements Assaisonnement",
    "Libellé produit": "Vinaigre balsamique de Modène. igp",
    "Marque": "BORGES",
    "Code Produit": "873244",
    "Température": "Ambiant",
    "Conditionnement": "Par bouteille de 2 litre. Colis de 6 bouteilles.",
    "Unité de commande": "bouteille",
    "Prix": "14,28 EUR",
    "Prix à l'unité de mesure": "7,14 EUR / L",
    "Prix à la portion": "85,68 EUR / colis",
    "DLC garantie au client": "30 jour(s)"
  },
  {
    "Rayon": "Viandes Volailles Gibier",
    "Libellé produit": "Noix joue de boeuf frais ou. décongelée",
    "Marque": "BEAUVALLET RESTAURATION",
    "Code Produit": "873585",
    "Température": "Frais",
    "Conditionnement": "Portion de 1 kg. Pièce de 2 portions.",
    "Unité de commande": "pièce",
    "Prix": "45,86 EUR",
    "Prix à l'unité de mesure": "22,93 EUR / kg",
    "Prix à la portion": "22,93 EUR / Portion",
    "DLC garantie au client": "3 jour(s)"
  },
  {
    "Rayon": "Pains Viennoiserie Pâtes",
    "Libellé produit": "Baguette 1778 précuites. sur four à sole de pierre. longueur de 45 cm",
    "Marque": "BRIDOR",
    "Code Produit": "874353",
    "Température": "Surgele",
    "Conditionnement": "Portion de 280 g. Colis de 25 portions.",
    "Unité de commande": "colis",
    "Prix": "17,73 EUR",
    "Prix à l'unité de mesure": "2,53 EUR / kg",
    "Prix à la portion": "0,71 EUR / Portion",
    "DLC garantie au client": "30 jour(s)"
  },
  {
    "Rayon": "Fruits et Légumes",
    "Libellé produit": "Cresson. catégorie 1. France",
    "Marque": "STKFL",
    "Code Produit": "876458",
    "Température": "Frais",
    "Conditionnement": "Par pièce de 400 g.",
    "Unité de commande": "pièce",
    "Prix": "2,55 EUR",
    "Prix à l'unité de mesure": "6,36 EUR / kg",
    "Prix à la portion": "",
    "DLC garantie au client": ""
  },
  {
    "Rayon": "Fruits et Légumes",
    "Libellé produit": "TAMARIN. CATEGORIE 1",
    "Marque": "AFL",
    "Code Produit": "876479",
    "Température": "Frais",
    "Conditionnement": "Par barquette de 450 g. Colis de 20 barquettes.",
    "Unité de commande": "barquette",
    "Prix": "3,64 EUR",
    "Prix à l'unité de mesure": "8,10 EUR / kg",
    "Prix à la portion": "72,88 EUR / colis",
    "DLC garantie au client": ""
  },
  {
    "Rayon": "Fruits et Légumes",
    "Libellé produit": "Chou brocoli. catégorie 1. France",
    "Marque": "STKFL",
    "Code Produit": "876482",
    "Température": "Frais",
    "Conditionnement": "Par colis de 6 kg.",
    "Unité de commande": "colis",
    "Prix": "19,21 EUR",
    "Prix à l'unité de mesure": "3,20 EUR / kg",
    "Prix à la portion": "",
    "DLC garantie au client": ""
  },
  {
    "Rayon": "Fruits et Légumes",
    "Libellé produit": "Fleur bourrache. France",
    "Marque": "AFL",
    "Code Produit": "876485",
    "Température": "Frais",
    "Conditionnement": "Portion de 0.2 g. Barquette de 25 portions.",
    "Unité de commande": "barquette",
    "Prix": "3,80 EUR",
    "Prix à l'unité de mesure": "760,00 EUR / kg",
    "Prix à la portion": "0,15 EUR / Portion",
    "DLC garantie au client": ""
  },
  {
    "Rayon": "Fruits et Légumes",
    "Libellé produit": "FOIN ALIMENTAIRE. COLIS 1KG",
    "Marque": "STKFL",
    "Code Produit": "877027",
    "Température": "Frais",
    "Conditionnement": "Par colis de 1 kg.",
    "Unité de commande": "colis",
    "Prix": "15,18 EUR",
    "Prix à l'unité de mesure": "15,18 EUR / kg",
    "Prix à la portion": "",
    "DLC garantie au client": ""
  },
  {
    "Rayon": "Fruits et Légumes",
    "Libellé produit": "Fleur de tagette",
    "Marque": "STKFL",
    "Code Produit": "877028",
    "Température": "Frais",
    "Conditionnement": "Barquette de 18 g. Colis de 10 barquettes.",
    "Unité de commande": "colis",
    "Prix": "38,00 EUR",
    "Prix à l'unité de mesure": "211,11 EUR / kg",
    "Prix à la portion": "3,80 EUR / barquette",
    "DLC garantie au client": ""
  },
  {
    "Rayon": "Fruits et Légumes",
    "Libellé produit": "Romarin petit pot bio. catégorie 2. France",
    "Marque": "STKFL",
    "Code Produit": "877040",
    "Température": "Frais",
    "Conditionnement": "Pot de 333 g. Colis de 6 pots.",
    "Unité de commande": "colis",
    "Prix": "9,87 EUR",
    "Prix à l'unité de mesure": "4,94 EUR / kg",
    "Prix à la portion": "1,65 EUR / pot",
    "DLC garantie au client": ""
  },
  {
    "Rayon": "Fruits et Légumes",
    "Libellé produit": "Poivron vert gg. catégorie 2 bio. colis de 5kg",
    "Marque": "STKFL",
    "Code Produit": "877047",
    "Température": "Frais",
    "Conditionnement": "Par colis de 5 kg.",
    "Unité de commande": "colis",
    "Prix": "23,67 EUR",
    "Prix à l'unité de mesure": "4,73 EUR / kg",
    "Prix à la portion": "",
    "DLC garantie au client": ""
  },
  {
    "Rayon": "Fruits et Légumes",
    "Libellé produit": "Menthe. catégorie 1. barquette 200g",
    "Marque": "STKFL",
    "Code Produit": "877532",
    "Température": "Frais",
    "Conditionnement": "Par barquette de 200 g.",
    "Unité de commande": "barquette",
    "Prix": "5,07 EUR",
    "Prix à l'unité de mesure": "25,36 EUR / kg",
    "Prix à la portion": "",
    "DLC garantie au client": ""
  },
  {
    "Rayon": "Fruits et Légumes",
    "Libellé produit": "Coriandre. catégorie 1. barquette 200g",
    "Marque": "STKFL",
    "Code Produit": "877533",
    "Température": "Frais",
    "Conditionnement": "Par barquette de 200 g.",
    "Unité de commande": "barquette",
    "Prix": "5,21 EUR",
    "Prix à l'unité de mesure": "26,03 EUR / kg",
    "Prix à la portion": "",
    "DLC garantie au client": ""
  },
  {
    "Rayon": "Fruits et Légumes",
    "Libellé produit": "Ciboulette. catégorie 1. barquette 200g",
    "Marque": "STKFL",
    "Code Produit": "877534",
    "Température": "Frais",
    "Conditionnement": "Par barquette de 200 g.",
    "Unité de commande": "barquette",
    "Prix": "5,21 EUR",
    "Prix à l'unité de mesure": "26,03 EUR / kg",
    "Prix à la portion": "",
    "DLC garantie au client": ""
  },
  {
    "Rayon": "Fruits et Légumes",
    "Libellé produit": "Melisse citronelle. catégorie 1. sachet de 30g",
    "Marque": "STKFL",
    "Code Produit": "888645",
    "Température": "Frais",
    "Conditionnement": "Par sachet de 30 g.",
    "Unité de commande": "sachet",
    "Prix": "0,89 EUR",
    "Prix à l'unité de mesure": "29,67 EUR / kg",
    "Prix à la portion": "",
    "DLC garantie au client": ""
  },
  {
    "Rayon": "Fruits et Légumes",
    "Libellé produit": "Endive carmine. catégorie 1. France",
    "Marque": "STKFL",
    "Code Produit": "892289",
    "Température": "Frais",
    "Conditionnement": "Barquette de 300 g. Colis de 10 barquettes.",
    "Unité de commande": "colis",
    "Prix": "36,04 EUR",
    "Prix à l'unité de mesure": "12,01 EUR / kg",
    "Prix à la portion": "3,60 EUR / barquette",
    "DLC garantie au client": ""
  },
  {
    "Rayon": "Fruits et Légumes",
    "Libellé produit": "MARJOLAINE. SACHET 30G",
    "Marque": "STKFL",
    "Code Produit": "892294",
    "Température": "Frais",
    "Conditionnement": "Par sachet de 30 g.",
    "Unité de commande": "sachet",
    "Prix": "0,88 EUR",
    "Prix à l'unité de mesure": "29,47 EUR / kg",
    "Prix à la portion": "",
    "DLC garantie au client": ""
  },
  {
    "Rayon": "Fruits et Légumes",
    "Libellé produit": "ORIGAN. SACHET 30G",
    "Marque": "STKFL",
    "Code Produit": "892295",
    "Température": "Frais",
    "Conditionnement": "Par sachet de 30 g.",
    "Unité de commande": "sachet",
    "Prix": "0,88 EUR",
    "Prix à l'unité de mesure": "29,47 EUR / kg",
    "Prix à la portion": "",
    "DLC garantie au client": ""
  },
  {
    "Rayon": "Fruits et Légumes",
    "Libellé produit": "Banane p14. catégorie 1",
    "Marque": "STKFL",
    "Code Produit": "899494",
    "Température": "Frais",
    "Conditionnement": "Par colis de 18.5 kg.",
    "Unité de commande": "colis",
    "Prix": "27,60 EUR",
    "Prix à l'unité de mesure": "1,49 EUR / kg",
    "Prix à la portion": "",
    "DLC garantie au client": ""
  },
  {
    "Rayon": "Accompagnements Assaisonnement",
    "Libellé produit": "Sel de céleri",
    "Marque": "DUCROS",
    "Code Produit": "900071",
    "Température": "Ambiant",
    "Conditionnement": "Portion de 95 g. Lot de 3 portions.",
    "Unité de commande": "lot",
    "Prix": "8,19 EUR",
    "Prix à l'unité de mesure": "28,74 EUR / kg",
    "Prix à la portion": "2,73 EUR / Portion",
    "DLC garantie au client": "30 jour(s)"
  },
  {
    "Rayon": "Épicerie",
    "Libellé produit": "Sucre canne bio. bûchette de 5 g",
    "Marque": "",
    "Code Produit": "900859",
    "Température": "Ambiant",
    "Conditionnement": "Portion de 5 g. Colis de 1000 portions.",
    "Unité de commande": "colis",
    "Prix": "23,64 EUR",
    "Prix à l'unité de mesure": "4,73 EUR / kg",
    "Prix à la portion": "0,02 EUR / Portion",
    "DLC garantie au client": ""
  },
  {
    "Rayon": "Pains Viennoiserie Pâtes",
    "Libellé produit": "Croissant pur beurre. pret à cuire",
    "Marque": "BRIDOR",
    "Code Produit": "900868",
    "Température": "Surgele",
    "Conditionnement": "Portion de 40 g. Colis de 165 portions.",
    "Unité de commande": "colis",
    "Prix": "38,93 EUR",
    "Prix à l'unité de mesure": "5,90 EUR / kg",
    "Prix à la portion": "0,24 EUR / Portion",
    "DLC garantie au client": "30 jour(s)"
  },
  {
    "Rayon": "Pâtisserie Biscuiterie Confiserie",
    "Libellé produit": "Arôme de vanille",
    "Marque": "LEGAVE",
    "Code Produit": "903443",
    "Température": "Ambiant",
    "Conditionnement": "Par bouteille de 1 litre. Colis de 6 bouteilles.",
    "Unité de commande": "bouteille",
    "Prix": "9,24 EUR",
    "Prix à l'unité de mesure": "9,24 EUR / L",
    "Prix à la portion": "55,43 EUR / colis",
    "DLC garantie au client": "30 jour(s)"
  },
  {
    "Rayon": "Pâtisserie Biscuiterie Confiserie",
    "Libellé produit": "Glucose sirop",
    "Marque": "",
    "Code Produit": "905513",
    "Température": "Ambiant",
    "Conditionnement": "Par seau de 1 kg. Colis de 6 seaux.",
    "Unité de commande": "seau",
    "Prix": "3,41 EUR",
    "Prix à l'unité de mesure": "3,41 EUR / kg",
    "Prix à la portion": "20,47 EUR / colis",
    "DLC garantie au client": "30 jour(s)"
  },
  {
    "Rayon": "Pâtisserie Biscuiterie Confiserie",
    "Libellé produit": "Fondant blanc",
    "Marque": "",
    "Code Produit": "905514",
    "Température": "Ambiant",
    "Conditionnement": "Par seau de 15 kg.",
    "Unité de commande": "seau",
    "Prix": "37,44 EUR",
    "Prix à l'unité de mesure": "2,50 EUR / kg",
    "Prix à la portion": "",
    "DLC garantie au client": "30 jour(s)"
  },
  {
    "Rayon": "Crèmerie Œufs Fromages",
    "Libellé produit": "St marcellin chartrousin. au lait thermisé. 23 % de m.g.",
    "Marque": "CHARTROUSIN",
    "Code Produit": "910516",
    "Température": "Frais",
    "Conditionnement": "Pièce de 80 g. Colis de 18 pièces.",
    "Unité de commande": "colis",
    "Prix": "18,20 EUR",
    "Prix à l'unité de mesure": "12,64 EUR / kg",
    "Prix à la portion": "1,01 EUR / pièce",
    "DLC garantie au client": "7 jour(s)"
  },
  {
    "Rayon": "Fruits et Légumes",
    "Libellé produit": "Courgette rondelle",
    "Marque": "ROSEE DES CHAMPS",
    "Code Produit": "915380",
    "Température": "Frais",
    "Conditionnement": "Par sachet de 1 kg.",
    "Unité de commande": "sachet",
    "Prix": "4,95 EUR",
    "Prix à l'unité de mesure": "4,95 EUR / kg",
    "Prix à la portion": "",
    "DLC garantie au client": "3 jour(s)"
  },
  {
    "Rayon": "Épicerie",
    "Libellé produit": "Sucre en morceaux ambre",
    "Marque": "LA PERRUCHE",
    "Code Produit": "920088",
    "Température": "Ambiant",
    "Conditionnement": "Par boite de 750 g. Colis de 8 boites.",
    "Unité de commande": "boite",
    "Prix": "3,57 EUR",
    "Prix à l'unité de mesure": "4,76 EUR / kg",
    "Prix à la portion": "28,57 EUR / colis",
    "DLC garantie au client": ""
  },
  {
    "Rayon": "Épicerie",
    "Libellé produit": "Sucre morceaux blancs",
    "Marque": "LA PERRUCHE",
    "Code Produit": "920091",
    "Température": "Ambiant",
    "Conditionnement": "Par boite de 750 g. Colis de 8 boites.",
    "Unité de commande": "boite",
    "Prix": "3,57 EUR",
    "Prix à l'unité de mesure": "4,76 EUR / kg",
    "Prix à la portion": "28,58 EUR / colis",
    "DLC garantie au client": ""
  },
  {
    "Rayon": "Fruits et Légumes",
    "Libellé produit": "Pousse haricot mungo. sachet 1kg. colis par 5",
    "Marque": "WOSTIN",
    "Code Produit": "928426",
    "Température": "Frais",
    "Conditionnement": "Par sachet de 1 kg. Colis de 5 sachets.",
    "Unité de commande": "sachet",
    "Prix": "1,75 EUR",
    "Prix à l'unité de mesure": "1,75 EUR / kg",
    "Prix à la portion": "8,75 EUR / colis",
    "DLC garantie au client": "3 jour(s)"
  },
  {
    "Rayon": "Viandes Volailles Gibier",
    "Libellé produit": "Escalope de dinde panée. à l'italienne",
    "Marque": "PERE DODU",
    "Code Produit": "938647",
    "Température": "Surgele",
    "Conditionnement": "Par colis de 5 kg.",
    "Unité de commande": "colis",
    "Prix": "41,05 EUR",
    "Prix à l'unité de mesure": "8,21 EUR / kg",
    "Prix à la portion": "",
    "DLC garantie au client": "30 jour(s)"
  },
  {
    "Rayon": "Fruits et Légumes",
    "Libellé produit": "Courgette  ronde verte. catégorie 1",
    "Marque": "STKFL",
    "Code Produit": "939374",
    "Température": "Frais",
    "Conditionnement": "Par colis de 3.5 kg.",
    "Unité de commande": "colis",
    "Prix": "9,68 EUR",
    "Prix à l'unité de mesure": "2,77 EUR / kg",
    "Prix à la portion": "",
    "DLC garantie au client": ""
  },
  {
    "Rayon": "Fruits et Légumes",
    "Libellé produit": "Carotte rondelle",
    "Marque": "ROSEE DES CHAMPS",
    "Code Produit": "943513",
    "Température": "Frais",
    "Conditionnement": "Par sachet de 5 kg. Colis de 2 sachets.",
    "Unité de commande": "sachet",
    "Prix": "13,30 EUR",
    "Prix à l'unité de mesure": "2,66 EUR / kg",
    "Prix à la portion": "26,59 EUR / colis",
    "DLC garantie au client": "4 jour(s)"
  },
  {
    "Rayon": "Fruits et Légumes",
    "Libellé produit": "Fleur mixte comestible. France",
    "Marque": "AFL",
    "Code Produit": "944384",
    "Température": "Frais",
    "Conditionnement": "Portion de 0.8 g. Barquette de 25 portions.",
    "Unité de commande": "barquette",
    "Prix": "4,48 EUR",
    "Prix à l'unité de mesure": "224,10 EUR / kg",
    "Prix à la portion": "0,18 EUR / Portion",
    "DLC garantie au client": ""
  },
  {
    "Rayon": "Boissons",
    "Libellé produit": "Jus multifruit",
    "Marque": "PLEIN FRUIT",
    "Code Produit": "950073",
    "Température": "Ambiant",
    "Conditionnement": "Bouteille de 1 litre. Colis de 6 bouteilles.",
    "Unité de commande": "colis",
    "Prix": "11,84 EUR",
    "Prix à l'unité de mesure": "1,97 EUR / L",
    "Prix à la portion": "1,97 EUR / bouteille",
    "DLC garantie au client": "30 jour(s)"
  },
  {
    "Rayon": "Accompagnements Assaisonnement",
    "Libellé produit": "Tajine de légumes aux abricots. carottes, courgettes, oignons. et aubergines préfrites",
    "Marque": "D'AUCY",
    "Code Produit": "950128",
    "Température": "Surgele",
    "Conditionnement": "Par sachet de 2.5 kg. Colis de 4 sachets.",
    "Unité de commande": "sachet",
    "Prix": "10,27 EUR",
    "Prix à l'unité de mesure": "4,11 EUR / kg",
    "Prix à la portion": "41,07 EUR / colis",
    "DLC garantie au client": "30 jour(s)"
  },
  {
    "Rayon": "Crèmerie Œufs Fromages",
    "Libellé produit": "Blanc d'oeuf liquide",
    "Marque": "SERVIS OEUF",
    "Code Produit": "950227",
    "Température": "Frais",
    "Conditionnement": "Par brick de 1 kg. Colis de 8 bricks.",
    "Unité de commande": "brick",
    "Prix": "3,72 EUR",
    "Prix à l'unité de mesure": "3,72 EUR / kg",
    "Prix à la portion": "29,75 EUR / colis",
    "DLC garantie au client": "7 jour(s)"
  },
  {
    "Rayon": "Crèmerie Œufs Fromages",
    "Libellé produit": "oeuf entier liquide",
    "Marque": "SERVIS OEUF",
    "Code Produit": "950228",
    "Température": "Frais",
    "Conditionnement": "Par brick de 1 kg. Colis de 8 bricks.",
    "Unité de commande": "brick",
    "Prix": "4,35 EUR",
    "Prix à l'unité de mesure": "4,35 EUR / kg",
    "Prix à la portion": "34,83 EUR / colis",
    "DLC garantie au client": "7 jour(s)"
  },
  {
    "Rayon": "Crèmerie Œufs Fromages",
    "Libellé produit": "Jaune d'oeuf liquide",
    "Marque": "SERVIS OEUF",
    "Code Produit": "950229",
    "Température": "Frais",
    "Conditionnement": "Par brick de 1 kg. Colis de 8 bricks.",
    "Unité de commande": "brick",
    "Prix": "7,92 EUR",
    "Prix à l'unité de mesure": "7,92 EUR / kg",
    "Prix à la portion": "63,35 EUR / colis",
    "DLC garantie au client": "7 jour(s)"
  },
  {
    "Rayon": "Viandes Volailles Gibier",
    "Libellé produit": "Tartare aux couteaux 3 % m.g.. pur boeuf race limousine",
    "Marque": "BEAUVALLET RESTAURATION",
    "Code Produit": "950559",
    "Température": "Frais",
    "Conditionnement": "Portion de 180 g. Colis de 16 portions.",
    "Unité de commande": "colis",
    "Prix": "56,35 EUR",
    "Prix à l'unité de mesure": "19,57 EUR / kg",
    "Prix à la portion": "3,52 EUR / Portion",
    "DLC garantie au client": "5 jour(s)"
  },
  {
    "Rayon": "Fruits et Légumes",
    "Libellé produit": "Citron 4/5. catégorie 1",
    "Marque": "STKFL",
    "Code Produit": "950925",
    "Température": "Frais",
    "Conditionnement": "Par filet de 1 kg.",
    "Unité de commande": "filet",
    "Prix": "2,79 EUR",
    "Prix à l'unité de mesure": "2,79 EUR / kg",
    "Prix à la portion": "",
    "DLC garantie au client": ""
  },
  {
    "Rayon": "Fruits et Légumes",
    "Libellé produit": "\"Corbeille \"\"maraicheres\"\"\"",
    "Marque": "AFL",
    "Code Produit": "959233",
    "Température": "Frais",
    "Conditionnement": "Par pièce de 3 kg.",
    "Unité de commande": "pièce",
    "Prix": "67,43 EUR",
    "Prix à l'unité de mesure": "22,48 EUR / kg",
    "Prix à la portion": "",
    "DLC garantie au client": ""
  },
  {
    "Rayon": "Pains Viennoiserie Pâtes",
    "Libellé produit": "Mini pain au raisin. au beurre fin, pret à cuire",
    "Marque": "BRIDOR",
    "Code Produit": "961233",
    "Température": "Surgele",
    "Conditionnement": "Portion de 30 g. Colis de 260 portions.",
    "Unité de commande": "colis",
    "Prix": "62,39 EUR",
    "Prix à l'unité de mesure": "8,00 EUR / kg",
    "Prix à la portion": "0,24 EUR / Portion",
    "DLC garantie au client": "30 jour(s)"
  },
  {
    "Rayon": "Pains Viennoiserie Pâtes",
    "Libellé produit": "Mini pain au chocolat au. beurre fin, pret à cuire",
    "Marque": "BRIDOR",
    "Code Produit": "961235",
    "Température": "Surgele",
    "Conditionnement": "Portion de 28 g. Colis de 260 portions.",
    "Unité de commande": "colis",
    "Prix": "54,99 EUR",
    "Prix à l'unité de mesure": "7,55 EUR / kg",
    "Prix à la portion": "0,21 EUR / Portion",
    "DLC garantie au client": "30 jour(s)"
  },
  {
    "Rayon": "Pains Viennoiserie Pâtes",
    "Libellé produit": "Mini croissant au beurre fin. pret à cuire",
    "Marque": "BRIDOR",
    "Code Produit": "961236",
    "Température": "Surgele",
    "Conditionnement": "Portion de 20 g. Colis de 260 portions.",
    "Unité de commande": "colis",
    "Prix": "40,83 EUR",
    "Prix à l'unité de mesure": "7,85 EUR / kg",
    "Prix à la portion": "0,16 EUR / Portion",
    "DLC garantie au client": "30 jour(s)"
  },
  {
    "Rayon": "Accompagnements Assaisonnement",
    "Libellé produit": "Sauce Napoletana Poche 3kg",
    "Marque": "KNORR",
    "Code Produit": "961556",
    "Température": "Ambiant",
    "Conditionnement": "Par poche de 3 kg. Colis de 4 poches.",
    "Unité de commande": "poche",
    "Prix": "16,16 EUR",
    "Prix à l'unité de mesure": "5,39 EUR / kg",
    "Prix à la portion": "64,65 EUR / colis",
    "DLC garantie au client": "30 jour(s)"
  },
  {
    "Rayon": "Fruits et Légumes",
    "Libellé produit": "CHAMPIGNON ERYNGII. CATEGORIE 1. COLIS DE 4KG",
    "Marque": "AFL",
    "Code Produit": "964182",
    "Température": "Frais",
    "Conditionnement": "Par colis de 4 kg.",
    "Unité de commande": "colis",
    "Prix": "60,72 EUR",
    "Prix à l'unité de mesure": "15,18 EUR / kg",
    "Prix à la portion": "",
    "DLC garantie au client": ""
  },
  {
    "Rayon": "Fruits et Légumes",
    "Libellé produit": "Carotte 20/40. catégorie 1. France",
    "Marque": "STKFL",
    "Code Produit": "966023",
    "Température": "Frais",
    "Conditionnement": "Par colis de 10 kg.",
    "Unité de commande": "colis",
    "Prix": "8,27 EUR",
    "Prix à l'unité de mesure": "0,83 EUR / kg",
    "Prix à la portion": "",
    "DLC garantie au client": ""
  },
  {
    "Rayon": "Fruits et Légumes",
    "Libellé produit": "Citron vert. catégorie 1",
    "Marque": "STKFL",
    "Code Produit": "966024",
    "Température": "Frais",
    "Conditionnement": "Portion de 93.75 g. Colis de 48 portions.",
    "Unité de commande": "colis",
    "Prix": "12,57 EUR",
    "Prix à l'unité de mesure": "2,79 EUR / kg",
    "Prix à la portion": "0,26 EUR / Portion",
    "DLC garantie au client": ""
  },
  {
    "Rayon": "Fruits et Légumes",
    "Libellé produit": "Poire guyot. 65/70 - catégorie 1. origine France",
    "Marque": "STKFL",
    "Code Produit": "966051",
    "Température": "Frais",
    "Conditionnement": "Par colis de 7 kg.",
    "Unité de commande": "colis",
    "Prix": "17,66 EUR",
    "Prix à l'unité de mesure": "2,52 EUR / kg",
    "Prix à la portion": "",
    "DLC garantie au client": ""
  },
  {
    "Rayon": "Fruits et Légumes",
    "Libellé produit": "Orange valencia 7 bio. catégorie 2",
    "Marque": "AFL",
    "Code Produit": "966060",
    "Température": "Frais",
    "Conditionnement": "Portion de 170.455 g. Colis de 88 portions.",
    "Unité de commande": "colis",
    "Prix": "68,97 EUR",
    "Prix à l'unité de mesure": "4,60 EUR / kg",
    "Prix à la portion": "0,78 EUR / Portion",
    "DLC garantie au client": ""
  },
  {
    "Rayon": "Fruits et Légumes",
    "Libellé produit": "Carotte. 20/30 - catégorie 1. origine France",
    "Marque": "STKFL",
    "Code Produit": "966063",
    "Température": "Frais",
    "Conditionnement": "Par sac de 5 kg.",
    "Unité de commande": "sac",
    "Prix": "4,89 EUR",
    "Prix à l'unité de mesure": "0,98 EUR / kg",
    "Prix à la portion": "",
    "DLC garantie au client": ""
  },
  {
    "Rayon": "Fruits et Légumes",
    "Libellé produit": "Coriandre botte. catégorie 1. botte de 30 g",
    "Marque": "STKFL",
    "Code Produit": "966071",
    "Température": "Frais",
    "Conditionnement": "Par pièce de 30 g.",
    "Unité de commande": "pièce",
    "Prix": "0,55 EUR",
    "Prix à l'unité de mesure": "18,37 EUR / kg",
    "Prix à la portion": "",
    "DLC garantie au client": ""
  },
  {
    "Rayon": "Fruits et Légumes",
    "Libellé produit": "Menthe poivrée botte. origine France. botte de 30 g",
    "Marque": "STKFL",
    "Code Produit": "966072",
    "Température": "Frais",
    "Conditionnement": "Par pièce de 30 g.",
    "Unité de commande": "pièce",
    "Prix": "1,09 EUR",
    "Prix à l'unité de mesure": "36,27 EUR / kg",
    "Prix à la portion": "",
    "DLC garantie au client": ""
  },
  {
    "Rayon": "Fruits et Légumes",
    "Libellé produit": "Orange navel late. calibre 4/5. catégorie 1",
    "Marque": "STKFL",
    "Code Produit": "966101",
    "Température": "Frais",
    "Conditionnement": "Par filet de 2 kg.",
    "Unité de commande": "filet",
    "Prix": "4,10 EUR",
    "Prix à l'unité de mesure": "2,05 EUR / kg",
    "Prix à la portion": "",
    "DLC garantie au client": ""
  },
  {
    "Rayon": "Fruits et Légumes",
    "Libellé produit": "Champignon shiitake. catégorie 1. origine France",
    "Marque": "STKFL",
    "Code Produit": "966110",
    "Température": "Frais",
    "Conditionnement": "Par colis de 2 kg.",
    "Unité de commande": "colis",
    "Prix": "20,86 EUR",
    "Prix à l'unité de mesure": "10,43 EUR / kg",
    "Prix à la portion": "",
    "DLC garantie au client": ""
  },
  {
    "Rayon": "Fruits et Légumes",
    "Libellé produit": "Basilic thai botte. catégorie 1. botte 30 g",
    "Marque": "STKFL",
    "Code Produit": "966116",
    "Température": "Frais",
    "Conditionnement": "Par pièce de 30 g.",
    "Unité de commande": "pièce",
    "Prix": "0,68 EUR",
    "Prix à l'unité de mesure": "22,70 EUR / kg",
    "Prix à la portion": "",
    "DLC garantie au client": ""
  },
  {
    "Rayon": "Fruits et Légumes",
    "Libellé produit": "Ail 60/80. catégorie 1",
    "Marque": "STKFL",
    "Code Produit": "966148",
    "Température": "Frais",
    "Conditionnement": "Par colis de 5 kg.",
    "Unité de commande": "colis",
    "Prix": "27,06 EUR",
    "Prix à l'unité de mesure": "5,41 EUR / kg",
    "Prix à la portion": "",
    "DLC garantie au client": ""
  },
  {
    "Rayon": "Fruits et Légumes",
    "Libellé produit": "Carotte fane mixte mini. catégorie 1. colis de 8 bottes",
    "Marque": "STKFL",
    "Code Produit": "966173",
    "Température": "Frais",
    "Conditionnement": "Pièce de 325 g. Colis de 8 pièces.",
    "Unité de commande": "colis",
    "Prix": "20,21 EUR",
    "Prix à l'unité de mesure": "7,77 EUR / kg",
    "Prix à la portion": "2,53 EUR / pièce",
    "DLC garantie au client": ""
  },
  {
    "Rayon": "Fruits et Légumes",
    "Libellé produit": "Aneth botte. catégorie 1. botte de 30 g",
    "Marque": "STKFL",
    "Code Produit": "966188",
    "Température": "Frais",
    "Conditionnement": "Par pièce de 30 g.",
    "Unité de commande": "pièce",
    "Prix": "0,57 EUR",
    "Prix à l'unité de mesure": "19,07 EUR / kg",
    "Prix à la portion": "",
    "DLC garantie au client": ""
  },
  {
    "Rayon": "Fruits et Légumes",
    "Libellé produit": "Marjolaine botte. origine France. botte de 30 g",
    "Marque": "STKFL",
    "Code Produit": "966191",
    "Température": "Frais",
    "Conditionnement": "Par pièce de 30 g.",
    "Unité de commande": "pièce",
    "Prix": "0,82 EUR",
    "Prix à l'unité de mesure": "27,23 EUR / kg",
    "Prix à la portion": "",
    "DLC garantie au client": ""
  },
  {
    "Rayon": "Fruits et Légumes",
    "Libellé produit": "Thym vrac. catégorie 1. colis 1kg",
    "Marque": "STKFL",
    "Code Produit": "966199",
    "Température": "Frais",
    "Conditionnement": "Par colis de 1 kg.",
    "Unité de commande": "colis",
    "Prix": "11,79 EUR",
    "Prix à l'unité de mesure": "11,79 EUR / kg",
    "Prix à la portion": "",
    "DLC garantie au client": ""
  },
  {
    "Rayon": "Fruits et Légumes",
    "Libellé produit": "Tomate grappe bio. catégorie 2",
    "Marque": "STKFL",
    "Code Produit": "966205",
    "Température": "Frais",
    "Conditionnement": "Par barquette de 500 g.",
    "Unité de commande": "barquette",
    "Prix": "2,84 EUR",
    "Prix à l'unité de mesure": "5,68 EUR / kg",
    "Prix à la portion": "",
    "DLC garantie au client": ""
  },
  {
    "Rayon": "Fruits et Légumes",
    "Libellé produit": "Basilic vrac. catégorie 1. colis 1 kg",
    "Marque": "STKFL",
    "Code Produit": "966212",
    "Température": "Frais",
    "Conditionnement": "Par colis de 1 kg.",
    "Unité de commande": "colis",
    "Prix": "15,18 EUR",
    "Prix à l'unité de mesure": "15,18 EUR / kg",
    "Prix à la portion": "",
    "DLC garantie au client": ""
  },
  {
    "Rayon": "Fruits et Légumes",
    "Libellé produit": "Ciboulette botte. catégorie 1. botte de 30 g",
    "Marque": "STKFL",
    "Code Produit": "966230",
    "Température": "Frais",
    "Conditionnement": "Par pièce de 30 g.",
    "Unité de commande": "pièce",
    "Prix": "0,54 EUR",
    "Prix à l'unité de mesure": "17,90 EUR / kg",
    "Prix à la portion": "",
    "DLC garantie au client": ""
  },
  {
    "Rayon": "Fruits et Légumes",
    "Libellé produit": "SAUGE BOTTE. BOTTE DE 30 G",
    "Marque": "STKFL",
    "Code Produit": "966232",
    "Température": "Frais",
    "Conditionnement": "Par pièce de 30 g.",
    "Unité de commande": "pièce",
    "Prix": "0,68 EUR",
    "Prix à l'unité de mesure": "22,70 EUR / kg",
    "Prix à la portion": "",
    "DLC garantie au client": ""
  },
  {
    "Rayon": "Fruits et Légumes",
    "Libellé produit": "Tomate cerise bio. catégorie 2",
    "Marque": "STKFL",
    "Code Produit": "966245",
    "Température": "Frais",
    "Conditionnement": "Par barquette de 250 g.",
    "Unité de commande": "barquette",
    "Prix": "1,58 EUR",
    "Prix à l'unité de mesure": "6,34 EUR / kg",
    "Prix à la portion": "",
    "DLC garantie au client": ""
  },
  {
    "Rayon": "Fruits et Légumes",
    "Libellé produit": "ESTRAGON BOTTE. BOTTE DE 30 G",
    "Marque": "STKFL",
    "Code Produit": "966271",
    "Température": "Frais",
    "Conditionnement": "Par pièce de 30 g.",
    "Unité de commande": "pièce",
    "Prix": "0,66 EUR",
    "Prix à l'unité de mesure": "21,97 EUR / kg",
    "Prix à la portion": "",
    "DLC garantie au client": ""
  },
  {
    "Rayon": "Fruits et Légumes",
    "Libellé produit": "Thym botte. catégorie 01. origine France",
    "Marque": "STKFL",
    "Code Produit": "966312",
    "Température": "Frais",
    "Conditionnement": "Par pièce de 30 g.",
    "Unité de commande": "pièce",
    "Prix": "0,62 EUR",
    "Prix à l'unité de mesure": "20,63 EUR / kg",
    "Prix à la portion": "",
    "DLC garantie au client": ""
  },
  {
    "Rayon": "Fruits et Légumes",
    "Libellé produit": "Banane grosse. catégorie 1. origine drom-com",
    "Marque": "STKFL",
    "Code Produit": "966328",
    "Température": "Frais",
    "Conditionnement": "Portion de 205.556 g. Colis de 90 portions.",
    "Unité de commande": "colis",
    "Prix": "34,13 EUR",
    "Prix à l'unité de mesure": "1,85 EUR / kg",
    "Prix à la portion": "0,38 EUR / Portion",
    "DLC garantie au client": ""
  },
  {
    "Rayon": "Fruits et Légumes",
    "Libellé produit": "MENTHE BOTTE. BOTTE DE 30 G",
    "Marque": "STKFL",
    "Code Produit": "966351",
    "Température": "Frais",
    "Conditionnement": "Par pièce de 30 g.",
    "Unité de commande": "pièce",
    "Prix": "0,52 EUR",
    "Prix à l'unité de mesure": "17,47 EUR / kg",
    "Prix à la portion": "",
    "DLC garantie au client": ""
  },
  {
    "Rayon": "Fruits et Légumes",
    "Libellé produit": "Banane moyenne. catégorie 1. colis de 18.5kg - *ct",
    "Marque": "STKFL",
    "Code Produit": "966367",
    "Température": "Frais",
    "Conditionnement": "Portion de 168.182 g. Colis de 110 portions.",
    "Unité de commande": "colis",
    "Prix": "30,12 EUR",
    "Prix à l'unité de mesure": "1,63 EUR / kg",
    "Prix à la portion": "0,27 EUR / Portion",
    "DLC garantie au client": ""
  },
  {
    "Rayon": "Fruits et Légumes",
    "Libellé produit": "Banane plantain verte. catégorie 1. colis de 22 kg",
    "Marque": "AFL",
    "Code Produit": "966368",
    "Température": "Frais",
    "Conditionnement": "Par colis de 22 kg.",
    "Unité de commande": "colis",
    "Prix": "56,41 EUR",
    "Prix à l'unité de mesure": "2,56 EUR / kg",
    "Prix à la portion": "",
    "DLC garantie au client": ""
  },
  {
    "Rayon": "Fruits et Légumes",
    "Libellé produit": "Cerfeuil. catégorie 1. France",
    "Marque": "STKFL",
    "Code Produit": "966388",
    "Température": "Frais",
    "Conditionnement": "Par pièce de 30 g.",
    "Unité de commande": "pièce",
    "Prix": "0,68 EUR",
    "Prix à l'unité de mesure": "22,70 EUR / kg",
    "Prix à la portion": "",
    "DLC garantie au client": ""
  },
  {
    "Rayon": "Fruits et Légumes",
    "Libellé produit": "Cive botte. catégorie 1. origine France",
    "Marque": "STKFL",
    "Code Produit": "966389",
    "Température": "Frais",
    "Conditionnement": "Par pièce de 50 g.",
    "Unité de commande": "pièce",
    "Prix": "1,63 EUR",
    "Prix à l'unité de mesure": "32,64 EUR / kg",
    "Prix à la portion": "",
    "DLC garantie au client": ""
  },
  {
    "Rayon": "Fruits et Légumes",
    "Libellé produit": "Basilic botte. catégorie 1. botte de 30 g",
    "Marque": "STKFL",
    "Code Produit": "966392",
    "Température": "Frais",
    "Conditionnement": "Par pièce de 30 g.",
    "Unité de commande": "pièce",
    "Prix": "0,61 EUR",
    "Prix à l'unité de mesure": "20,17 EUR / kg",
    "Prix à la portion": "",
    "DLC garantie au client": ""
  },
  {
    "Rayon": "Fruits et Légumes",
    "Libellé produit": "Avocat hass cal.14. catégorie 1",
    "Marque": "STKFL",
    "Code Produit": "966397",
    "Température": "Frais",
    "Conditionnement": "Pièce de 286 g. Colis de 14 pièces.",
    "Unité de commande": "colis",
    "Prix": "17,42 EUR",
    "Prix à l'unité de mesure": "4,35 EUR / kg",
    "Prix à la portion": "1,24 EUR / pièce",
    "DLC garantie au client": ""
  },
  {
    "Rayon": "Fruits et Légumes",
    "Libellé produit": "Melisse botte. origine France. botte de 30 g",
    "Marque": "STKFL",
    "Code Produit": "966430",
    "Température": "Frais",
    "Conditionnement": "Par pièce de 30 g.",
    "Unité de commande": "pièce",
    "Prix": "1,09 EUR",
    "Prix à l'unité de mesure": "36,43 EUR / kg",
    "Prix à la portion": "",
    "DLC garantie au client": ""
  },
  {
    "Rayon": "Fruits et Légumes",
    "Libellé produit": "THYM CITRON BOTTE. BOTTE DE 30 G",
    "Marque": "STKFL",
    "Code Produit": "966432",
    "Température": "Frais",
    "Conditionnement": "Par pièce de 30 g.",
    "Unité de commande": "pièce",
    "Prix": "0,95 EUR",
    "Prix à l'unité de mesure": "31,73 EUR / kg",
    "Prix à la portion": "",
    "DLC garantie au client": ""
  },
  {
    "Rayon": "Fruits et Légumes",
    "Libellé produit": "Banane plantain jaune. catégorie 1. colis de 22 kg",
    "Marque": "AFL",
    "Code Produit": "966448",
    "Température": "Frais",
    "Conditionnement": "Par colis de 22 kg.",
    "Unité de commande": "colis",
    "Prix": "56,41 EUR",
    "Prix à l'unité de mesure": "2,56 EUR / kg",
    "Prix à la portion": "",
    "DLC garantie au client": ""
  },
  {
    "Rayon": "Fruits et Légumes",
    "Libellé produit": "Champignon pleurote grise. catégorie 1 - origine France. plateau de 1 kg",
    "Marque": "STKFL",
    "Code Produit": "966480",
    "Température": "Frais",
    "Conditionnement": "Par plateau de 1 kg.",
    "Unité de commande": "plateau",
    "Prix": "7,81 EUR",
    "Prix à l'unité de mesure": "7,81 EUR / kg",
    "Prix à la portion": "",
    "DLC garantie au client": ""
  },
  {
    "Rayon": "Fruits et Légumes",
    "Libellé produit": "Chou fleur violet. catégorie 1",
    "Marque": "STKFL",
    "Code Produit": "966485",
    "Température": "Frais",
    "Conditionnement": "Par pièce de 920 g.",
    "Unité de commande": "pièce",
    "Prix": "2,61 EUR",
    "Prix à l'unité de mesure": "2,84 EUR / kg",
    "Prix à la portion": "",
    "DLC garantie au client": ""
  },
  {
    "Rayon": "Fruits et Légumes",
    "Libellé produit": "Echalote cuisse de poulet. catégorie 1 - origine France. colis de 5 kg",
    "Marque": "STKFL",
    "Code Produit": "966492",
    "Température": "Frais",
    "Conditionnement": "Par filet de 5 kg.",
    "Unité de commande": "filet",
    "Prix": "9,43 EUR",
    "Prix à l'unité de mesure": "1,89 EUR / kg",
    "Prix à la portion": "",
    "DLC garantie au client": ""
  },
  {
    "Rayon": "Fruits et Légumes",
    "Libellé produit": "Framboise. catégorie 1. barquette de 125 g",
    "Marque": "DRISCOLL'S",
    "Code Produit": "966498",
    "Température": "Frais",
    "Conditionnement": "Par barquette de 125 g.",
    "Unité de commande": "barquette",
    "Prix": "3,67 EUR",
    "Prix à l'unité de mesure": "29,38 EUR / kg",
    "Prix à la portion": "",
    "DLC garantie au client": ""
  },
  {
    "Rayon": "Fruits et Légumes",
    "Libellé produit": "Tomate cocktail grappe. catégorie 1. France",
    "Marque": "STKFL",
    "Code Produit": "966511",
    "Température": "Frais",
    "Conditionnement": "Par colis de 3.5 kg.",
    "Unité de commande": "colis",
    "Prix": "8,35 EUR",
    "Prix à l'unité de mesure": "2,39 EUR / kg",
    "Prix à la portion": "",
    "DLC garantie au client": ""
  },
  {
    "Rayon": "Fruits et Légumes",
    "Libellé produit": "Echalote longue. catégorie 1 - origine France. filet de 5 kg",
    "Marque": "STKFL",
    "Code Produit": "966533",
    "Température": "Frais",
    "Conditionnement": "Par colis de 5 kg.",
    "Unité de commande": "colis",
    "Prix": "9,23 EUR",
    "Prix à l'unité de mesure": "1,85 EUR / kg",
    "Prix à la portion": "",
    "DLC garantie au client": ""
  },
  {
    "Rayon": "Fruits et Légumes",
    "Libellé produit": "Ananas victoria avion. calibre a7. pièce de 800 g",
    "Marque": "STKFL",
    "Code Produit": "966545",
    "Température": "Frais",
    "Conditionnement": "Pièce de 800 g. Colis de 7 pièces.",
    "Unité de commande": "colis",
    "Prix": "36,54 EUR",
    "Prix à l'unité de mesure": "6,53 EUR / kg",
    "Prix à la portion": "5,22 EUR / pièce",
    "DLC garantie au client": ""
  },
  {
    "Rayon": "Fruits et Légumes",
    "Libellé produit": "Tomate ronde noire de Crimée. catégorie 2. France",
    "Marque": "AFL",
    "Code Produit": "966554",
    "Température": "Frais",
    "Conditionnement": "Par colis de 3.5 kg.",
    "Unité de commande": "colis",
    "Prix": "9,92 EUR",
    "Prix à l'unité de mesure": "2,84 EUR / kg",
    "Prix à la portion": "",
    "DLC garantie au client": ""
  },
  {
    "Rayon": "Fruits et Légumes",
    "Libellé produit": "Coriandre. catégorie 1. colis vrac de 1 kg",
    "Marque": "STKFL",
    "Code Produit": "966573",
    "Température": "Frais",
    "Conditionnement": "Par boite de 1 kg.",
    "Unité de commande": "boite",
    "Prix": "8,22 EUR",
    "Prix à l'unité de mesure": "8,22 EUR / kg",
    "Prix à la portion": "",
    "DLC garantie au client": ""
  },
  {
    "Rayon": "Fruits et Légumes",
    "Libellé produit": "Grenade. calibre 320 g. catégorie 1",
    "Marque": "STKFL",
    "Code Produit": "966580",
    "Température": "Frais",
    "Conditionnement": "Pièce de 316 g. Colis de 12 pièces.",
    "Unité de commande": "colis",
    "Prix": "22,28 EUR",
    "Prix à l'unité de mesure": "5,88 EUR / kg",
    "Prix à la portion": "1,86 EUR / pièce",
    "DLC garantie au client": ""
  },
  {
    "Rayon": "Fruits et Légumes",
    "Libellé produit": "Champignon porto bello. catégorie 1 - origine France. colis de 2 kg",
    "Marque": "AFL",
    "Code Produit": "966644",
    "Température": "Frais",
    "Conditionnement": "Par colis de 2 kg.",
    "Unité de commande": "colis",
    "Prix": "10,53 EUR",
    "Prix à l'unité de mesure": "5,26 EUR / kg",
    "Prix à la portion": "",
    "DLC garantie au client": ""
  },
  {
    "Rayon": "Fruits et Légumes",
    "Libellé produit": "Chou fleur. catégorie 1 - origine France. pièce de 1.6 kg",
    "Marque": "STKFL",
    "Code Produit": "966688",
    "Température": "Frais",
    "Conditionnement": "Pièce de 1.6 kg. Colis de 6 pièces.",
    "Unité de commande": "colis",
    "Prix": "11,36 EUR",
    "Prix à l'unité de mesure": "1,18 EUR / kg",
    "Prix à la portion": "1,89 EUR / pièce",
    "DLC garantie au client": ""
  },
  {
    "Rayon": "Fruits et Légumes",
    "Libellé produit": "Chou pak choi. catégorie 1",
    "Marque": "AFL",
    "Code Produit": "966689",
    "Température": "Frais",
    "Conditionnement": "Par colis de 8 kg.",
    "Unité de commande": "colis",
    "Prix": "32,45 EUR",
    "Prix à l'unité de mesure": "4,06 EUR / kg",
    "Prix à la portion": "",
    "DLC garantie au client": ""
  },
  {
    "Rayon": "Fruits et Légumes",
    "Libellé produit": "Fenouil. catégorie 1",
    "Marque": "STKFL",
    "Code Produit": "966697",
    "Température": "Frais",
    "Conditionnement": "Par colis de 5 kg.",
    "Unité de commande": "colis",
    "Prix": "10,92 EUR",
    "Prix à l'unité de mesure": "2,18 EUR / kg",
    "Prix à la portion": "",
    "DLC garantie au client": ""
  },
  {
    "Rayon": "Fruits et Légumes",
    "Libellé produit": "Tomate ronde. calibre 57/67. catégorie 1 - origine France",
    "Marque": "STKFL",
    "Code Produit": "966720",
    "Température": "Frais",
    "Conditionnement": "Par colis de 6 kg.",
    "Unité de commande": "colis",
    "Prix": "14,32 EUR",
    "Prix à l'unité de mesure": "2,39 EUR / kg",
    "Prix à la portion": "",
    "DLC garantie au client": ""
  },
  {
    "Rayon": "Fruits et Légumes",
    "Libellé produit": "Tomate cerise. catégorie 1",
    "Marque": "STKFL",
    "Code Produit": "966755",
    "Température": "Frais",
    "Conditionnement": "Par colis de 4 kg.",
    "Unité de commande": "colis",
    "Prix": "16,88 EUR",
    "Prix à l'unité de mesure": "4,22 EUR / kg",
    "Prix à la portion": "",
    "DLC garantie au client": ""
  },
  {
    "Rayon": "Fruits et Légumes",
    "Libellé produit": "Tomate équeutée 57/67. catégorie 1",
    "Marque": "STKFL",
    "Code Produit": "966761",
    "Température": "Frais",
    "Conditionnement": "Par barquette de 1 kg.",
    "Unité de commande": "barquette",
    "Prix": "3,20 EUR",
    "Prix à l'unité de mesure": "3,20 EUR / kg",
    "Prix à la portion": "",
    "DLC garantie au client": ""
  },
  {
    "Rayon": "Fruits et Légumes",
    "Libellé produit": "Concombre 4/5. catégorie 1",
    "Marque": "STKFL",
    "Code Produit": "966776",
    "Température": "Frais",
    "Conditionnement": "Pièce de 450 g. Colis de 12 pièces.",
    "Unité de commande": "colis",
    "Prix": "10,54 EUR",
    "Prix à l'unité de mesure": "1,95 EUR / kg",
    "Prix à la portion": "0,88 EUR / pièce",
    "DLC garantie au client": ""
  },
  {
    "Rayon": "Fruits et Légumes",
    "Libellé produit": "Tomate ananas cotelée. catégorie 2. France",
    "Marque": "STKFL",
    "Code Produit": "966795",
    "Température": "Frais",
    "Conditionnement": "Par colis de 3.5 kg.",
    "Unité de commande": "colis",
    "Prix": "9,31 EUR",
    "Prix à l'unité de mesure": "2,66 EUR / kg",
    "Prix à la portion": "",
    "DLC garantie au client": ""
  },
  {
    "Rayon": "Fruits et Légumes",
    "Libellé produit": "Tomate cerise. catégorie 1. barquette de 250 g",
    "Marque": "STKFL",
    "Code Produit": "966837",
    "Température": "Frais",
    "Conditionnement": "Par barquette de 250 g. Colis de 9 barquettes.",
    "Unité de commande": "barquette",
    "Prix": "1,24 EUR",
    "Prix à l'unité de mesure": "4,96 EUR / kg",
    "Prix à la portion": "11,17 EUR / colis",
    "DLC garantie au client": ""
  },
  {
    "Rayon": "Fruits et Légumes",
    "Libellé produit": "Tomate cerise allongée. catégorie 1",
    "Marque": "STKFL",
    "Code Produit": "966839",
    "Température": "Frais",
    "Conditionnement": "Par barquette de 250 g. Colis de 12 barquettes.",
    "Unité de commande": "barquette",
    "Prix": "1,04 EUR",
    "Prix à l'unité de mesure": "4,15 EUR / kg",
    "Prix à la portion": "12,46 EUR / colis",
    "DLC garantie au client": ""
  },
  {
    "Rayon": "Fruits et Légumes",
    "Libellé produit": "Champignon girolle. catégorie 1. plateau de 3kg",
    "Marque": "AFL",
    "Code Produit": "966847",
    "Température": "Frais",
    "Conditionnement": "Par plateau de 3 kg.",
    "Unité de commande": "plateau",
    "Prix": "43,50 EUR",
    "Prix à l'unité de mesure": "14,50 EUR / kg",
    "Prix à la portion": "",
    "DLC garantie au client": ""
  },
  {
    "Rayon": "Fruits et Légumes",
    "Libellé produit": "Chou fleur jaune. catégorie 1. pièce de 920 g",
    "Marque": "STKFL",
    "Code Produit": "966852",
    "Température": "Frais",
    "Conditionnement": "Par pièce de 920 g.",
    "Unité de commande": "pièce",
    "Prix": "2,61 EUR",
    "Prix à l'unité de mesure": "2,84 EUR / kg",
    "Prix à la portion": "",
    "DLC garantie au client": ""
  },
  {
    "Rayon": "Fruits et Légumes",
    "Libellé produit": "Ananas sweet A8. catégorie 1",
    "Marque": "STKFL",
    "Code Produit": "966863",
    "Température": "Frais",
    "Conditionnement": "Pièce de 1.5 kg. Colis de 8 pièces.",
    "Unité de commande": "colis",
    "Prix": "17,50 EUR",
    "Prix à l'unité de mesure": "1,46 EUR / kg",
    "Prix à la portion": "2,19 EUR / pièce",
    "DLC garantie au client": ""
  },
  {
    "Rayon": "Fruits et Légumes",
    "Libellé produit": "Thym citron. catégorie 1. sachet de 30g",
    "Marque": "STKFL",
    "Code Produit": "966864",
    "Température": "Frais",
    "Conditionnement": "Par sachet de 30 g.",
    "Unité de commande": "sachet",
    "Prix": "0,89 EUR",
    "Prix à l'unité de mesure": "29,67 EUR / kg",
    "Prix à la portion": "",
    "DLC garantie au client": ""
  },
  {
    "Rayon": "Fruits et Légumes",
    "Libellé produit": "Champignon brun Paris Pc. catégorie 1",
    "Marque": "STKFL",
    "Code Produit": "966888",
    "Température": "Frais",
    "Conditionnement": "Par colis de 3 kg.",
    "Unité de commande": "colis",
    "Prix": "12,25 EUR",
    "Prix à l'unité de mesure": "4,08 EUR / kg",
    "Prix à la portion": "",
    "DLC garantie au client": ""
  },
  {
    "Rayon": "Fruits et Légumes",
    "Libellé produit": "Echalote. catégorie 1 - origine France. filet de 250 g",
    "Marque": "STKFL",
    "Code Produit": "966901",
    "Température": "Frais",
    "Conditionnement": "Par filet de 250 g.",
    "Unité de commande": "filet",
    "Prix": "1,08 EUR",
    "Prix à l'unité de mesure": "4,33 EUR / kg",
    "Prix à la portion": "",
    "DLC garantie au client": ""
  },
  {
    "Rayon": "Fruits et Légumes",
    "Libellé produit": "Poivron tricolore. catégorie 1",
    "Marque": "STKFL",
    "Code Produit": "966910",
    "Température": "Frais",
    "Conditionnement": "Par filet de 500 g.",
    "Unité de commande": "filet",
    "Prix": "1,80 EUR",
    "Prix à l'unité de mesure": "3,61 EUR / kg",
    "Prix à la portion": "",
    "DLC garantie au client": ""
  },
  {
    "Rayon": "Fruits et Légumes",
    "Libellé produit": "Poivron vert GG. catégorie 1",
    "Marque": "STKFL",
    "Code Produit": "966911",
    "Température": "Frais",
    "Conditionnement": "Par colis de 5 kg.",
    "Unité de commande": "colis",
    "Prix": "10,58 EUR",
    "Prix à l'unité de mesure": "2,12 EUR / kg",
    "Prix à la portion": "",
    "DLC garantie au client": ""
  },
  {
    "Rayon": "Fruits et Légumes",
    "Libellé produit": "Salsifis. catégorie 1",
    "Marque": "STKFL",
    "Code Produit": "966918",
    "Température": "Frais",
    "Conditionnement": "Par sachet de 1 kg.",
    "Unité de commande": "sachet",
    "Prix": "6,36 EUR",
    "Prix à l'unité de mesure": "6,36 EUR / kg",
    "Prix à la portion": "",
    "DLC garantie au client": ""
  },
  {
    "Rayon": "Fruits et Légumes",
    "Libellé produit": "CHOU ROUGE EMINCE. BARQUETTE DE 5 KG",
    "Marque": "ROSEE DES CHAMPS",
    "Code Produit": "966934",
    "Température": "Frais",
    "Conditionnement": "Par sachet de 5 kg.",
    "Unité de commande": "sachet",
    "Prix": "14,18 EUR",
    "Prix à l'unité de mesure": "2,84 EUR / kg",
    "Prix à la portion": "",
    "DLC garantie au client": "4 jour(s)"
  },
  {
    "Rayon": "Fruits et Légumes",
    "Libellé produit": "Patate douce orange xl. catégorie 1",
    "Marque": "STKFL",
    "Code Produit": "966947",
    "Température": "Frais",
    "Conditionnement": "Par colis de 6 kg.",
    "Unité de commande": "colis",
    "Prix": "9,44 EUR",
    "Prix à l'unité de mesure": "1,57 EUR / kg",
    "Prix à la portion": "",
    "DLC garantie au client": ""
  },
  {
    "Rayon": "Fruits et Légumes",
    "Libellé produit": "Carotte entière bio",
    "Marque": "ROSEE DES CHAMPS",
    "Code Produit": "966974",
    "Température": "Frais",
    "Conditionnement": "Sachet de 5 kg. Colis de 2 sachets.",
    "Unité de commande": "colis",
    "Prix": "40,83 EUR",
    "Prix à l'unité de mesure": "4,08 EUR / kg",
    "Prix à la portion": "20,42 EUR / sachet",
    "DLC garantie au client": "3 jour(s)"
  },
  {
    "Rayon": "Fruits et Légumes",
    "Libellé produit": "Oignon rose de Roscoff tressé. catégorie 1 - origine France. tresse de 1 kg",
    "Marque": "STKFL",
    "Code Produit": "966986",
    "Température": "Frais",
    "Conditionnement": "Par pièce de 1 kg.",
    "Unité de commande": "pièce",
    "Prix": "4,49 EUR",
    "Prix à l'unité de mesure": "4,49 EUR / kg",
    "Prix à la portion": "",
    "DLC garantie au client": ""
  },
  {
    "Rayon": "Fruits et Légumes",
    "Libellé produit": "Persil frisé. catégorie 1",
    "Marque": "STKFL",
    "Code Produit": "966989",
    "Température": "Frais",
    "Conditionnement": "Par pièce de 100 g.",
    "Unité de commande": "pièce",
    "Prix": "0,64 EUR",
    "Prix à l'unité de mesure": "6,36 EUR / kg",
    "Prix à la portion": "",
    "DLC garantie au client": ""
  },
  {
    "Rayon": "Fruits et Légumes",
    "Libellé produit": "Persil plat. catégorie 1. botte de 30 g",
    "Marque": "STKFL",
    "Code Produit": "966990",
    "Température": "Frais",
    "Conditionnement": "Par pièce de 30 g.",
    "Unité de commande": "pièce",
    "Prix": "0,55 EUR",
    "Prix à l'unité de mesure": "18,37 EUR / kg",
    "Prix à la portion": "",
    "DLC garantie au client": ""
  },
  {
    "Rayon": "Fruits et Légumes",
    "Libellé produit": "Poivron jaune GG. catégorie 1",
    "Marque": "STKFL",
    "Code Produit": "966992",
    "Température": "Frais",
    "Conditionnement": "Par colis de 5 kg.",
    "Unité de commande": "colis",
    "Prix": "13,30 EUR",
    "Prix à l'unité de mesure": "2,66 EUR / kg",
    "Prix à la portion": "",
    "DLC garantie au client": ""
  },
  {
    "Rayon": "Fruits et Légumes",
    "Libellé produit": "Kumquat. catégorie 1. colis de 2 kg",
    "Marque": "STKFL",
    "Code Produit": "967023",
    "Température": "Frais",
    "Conditionnement": "Par colis de 2 kg.",
    "Unité de commande": "colis",
    "Prix": "22,22 EUR",
    "Prix à l'unité de mesure": "11,11 EUR / kg",
    "Prix à la portion": "",
    "DLC garantie au client": ""
  },
  {
    "Rayon": "Fruits et Légumes",
    "Libellé produit": "Feuille chene rouge. catégorie 1. France",
    "Marque": "STKFL",
    "Code Produit": "967042",
    "Température": "Frais",
    "Conditionnement": "Pièce de 375 g. Colis de 12 pièces.",
    "Unité de commande": "colis",
    "Prix": "11,77 EUR",
    "Prix à l'unité de mesure": "2,62 EUR / kg",
    "Prix à la portion": "0,98 EUR / pièce",
    "DLC garantie au client": ""
  },
  {
    "Rayon": "Fruits et Légumes",
    "Libellé produit": "MELANGER RADIS COURGETTE. BARQUETTE DE 1 KG",
    "Marque": "ROSEE DES CHAMPS",
    "Code Produit": "967056",
    "Température": "Frais",
    "Conditionnement": "Par barquette de 1 kg.",
    "Unité de commande": "barquette",
    "Prix": "6,06 EUR",
    "Prix à l'unité de mesure": "6,06 EUR / kg",
    "Prix à la portion": "",
    "DLC garantie au client": "3 jour(s)"
  },
  {
    "Rayon": "Fruits et Légumes",
    "Libellé produit": "Sarriette botte. catégorie 1 - origine France. botte de 30 g",
    "Marque": "STKFL",
    "Code Produit": "967082",
    "Température": "Frais",
    "Conditionnement": "Par pièce de 30 g.",
    "Unité de commande": "pièce",
    "Prix": "1,09 EUR",
    "Prix à l'unité de mesure": "36,27 EUR / kg",
    "Prix à la portion": "",
    "DLC garantie au client": ""
  },
  {
    "Rayon": "Épicerie",
    "Libellé produit": "POMELOS ROUGE SEGMENT. SEAU DE 5.5 L",
    "Marque": "FRUITY PACK",
    "Code Produit": "967096",
    "Température": "Frais",
    "Conditionnement": "Par seau de 5.5 litre.",
    "Unité de commande": "seau",
    "Prix": "24,93 EUR",
    "Prix à l'unité de mesure": "4,53 EUR / L",
    "Prix à la portion": "",
    "DLC garantie au client": "4 jour(s)"
  },
  {
    "Rayon": "Fruits et Légumes",
    "Libellé produit": "Mache. catégorie 1. France",
    "Marque": "STKFL",
    "Code Produit": "967125",
    "Température": "Frais",
    "Conditionnement": "Par barquette de 150 g. Colis de 12 barquettes.",
    "Unité de commande": "barquette",
    "Prix": "1,26 EUR",
    "Prix à l'unité de mesure": "8,40 EUR / kg",
    "Prix à la portion": "15,12 EUR / colis",
    "DLC garantie au client": ""
  },
  {
    "Rayon": "Fruits et Légumes",
    "Libellé produit": "Melon vert 1400/1800. catgorie 1. colis par 8",
    "Marque": "STKFL",
    "Code Produit": "967133",
    "Température": "Frais",
    "Conditionnement": "Pièce de 1.5 kg. Colis de 8 pièces.",
    "Unité de commande": "colis",
    "Prix": "25,39 EUR",
    "Prix à l'unité de mesure": "2,12 EUR / kg",
    "Prix à la portion": "3,17 EUR / pièce",
    "DLC garantie au client": ""
  },
  {
    "Rayon": "Fruits et Légumes",
    "Libellé produit": "Maïs 2 epis. catégorie 1. barquette de 400 g",
    "Marque": "STKFL",
    "Code Produit": "967146",
    "Température": "Frais",
    "Conditionnement": "Par barquette de 400 g.",
    "Unité de commande": "barquette",
    "Prix": "3,63 EUR",
    "Prix à l'unité de mesure": "9,08 EUR / kg",
    "Prix à la portion": "",
    "DLC garantie au client": ""
  },
  {
    "Rayon": "Fruits et Légumes",
    "Libellé produit": "Piment vert padron. catégorie 1. colis vrac de 2 kg",
    "Marque": "STKFL",
    "Code Produit": "967154",
    "Température": "Frais",
    "Conditionnement": "Par colis de 2 kg.",
    "Unité de commande": "colis",
    "Prix": "11,72 EUR",
    "Prix à l'unité de mesure": "5,86 EUR / kg",
    "Prix à la portion": "",
    "DLC garantie au client": ""
  },
  {
    "Rayon": "Fruits et Légumes",
    "Libellé produit": "Origan botte. catégorie 1. botte de 30 g",
    "Marque": "STKFL",
    "Code Produit": "967191",
    "Température": "Frais",
    "Conditionnement": "Par pièce de 30 g.",
    "Unité de commande": "pièce",
    "Prix": "1,09 EUR",
    "Prix à l'unité de mesure": "36,27 EUR / kg",
    "Prix à la portion": "",
    "DLC garantie au client": ""
  },
  {
    "Rayon": "Fruits et Légumes",
    "Libellé produit": "Feuille chêne verte. catégorie 1. France",
    "Marque": "STKFL",
    "Code Produit": "967206",
    "Température": "Frais",
    "Conditionnement": "Pièce de 375 g. Colis de 12 pièces.",
    "Unité de commande": "colis",
    "Prix": "11,77 EUR",
    "Prix à l'unité de mesure": "2,62 EUR / kg",
    "Prix à la portion": "0,98 EUR / pièce",
    "DLC garantie au client": ""
  },
  {
    "Rayon": "Fruits et Légumes",
    "Libellé produit": "Poivron rouge GG. catégorie 1",
    "Marque": "STKFL",
    "Code Produit": "967238",
    "Température": "Frais",
    "Conditionnement": "Par colis de 5 kg.",
    "Unité de commande": "colis",
    "Prix": "13,30 EUR",
    "Prix à l'unité de mesure": "2,66 EUR / kg",
    "Prix à la portion": "",
    "DLC garantie au client": ""
  },
  {
    "Rayon": "Fruits et Légumes",
    "Libellé produit": "Romarin. catégorie 1. France",
    "Marque": "STKFL",
    "Code Produit": "967245",
    "Température": "Frais",
    "Conditionnement": "Par pièce de 30 g.",
    "Unité de commande": "pièce",
    "Prix": "0,69 EUR",
    "Prix à l'unité de mesure": "22,87 EUR / kg",
    "Prix à la portion": "",
    "DLC garantie au client": ""
  },
  {
    "Rayon": "Fruits et Légumes",
    "Libellé produit": "Frisée. catégorie 1",
    "Marque": "AFL",
    "Code Produit": "967247",
    "Température": "Frais",
    "Conditionnement": "Pièce de 400 g. Colis de 10 pièces.",
    "Unité de commande": "colis",
    "Prix": "20,02 EUR",
    "Prix à l'unité de mesure": "5,01 EUR / kg",
    "Prix à la portion": "2,00 EUR / pièce",
    "DLC garantie au client": ""
  },
  {
    "Rayon": "Fruits et Légumes",
    "Libellé produit": "Roquette. catégorie 1. barquette de 1 kg",
    "Marque": "STKFL",
    "Code Produit": "967289",
    "Température": "Frais",
    "Conditionnement": "Par barquette de 1 kg.",
    "Unité de commande": "barquette",
    "Prix": "5,37 EUR",
    "Prix à l'unité de mesure": "5,37 EUR / kg",
    "Prix à la portion": "",
    "DLC garantie au client": "3 jour(s)"
  },
  {
    "Rayon": "Fruits et Légumes",
    "Libellé produit": "Melon jaune 1150/2000 bio. catégorie 2",
    "Marque": "STKFL",
    "Code Produit": "967296",
    "Température": "Frais",
    "Conditionnement": "Pièce de 1.5 kg. Colis de 4 pièces.",
    "Unité de commande": "colis",
    "Prix": "16,28 EUR",
    "Prix à l'unité de mesure": "2,71 EUR / kg",
    "Prix à la portion": "4,07 EUR / pièce",
    "DLC garantie au client": ""
  },
  {
    "Rayon": "Fruits et Légumes",
    "Libellé produit": "CAROTTE JAUNE/ORANGE RAPEE. SACHET DE 1KG",
    "Marque": "ROSEE DES CHAMPS",
    "Code Produit": "967364",
    "Température": "Frais",
    "Conditionnement": "Par sachet de 1 kg.",
    "Unité de commande": "sachet",
    "Prix": "3,51 EUR",
    "Prix à l'unité de mesure": "3,51 EUR / kg",
    "Prix à la portion": "",
    "DLC garantie au client": "4 jour(s)"
  },
  {
    "Rayon": "Fruits et Légumes",
    "Libellé produit": "Pommes bicolore 136/165. catégorie 1. France",
    "Marque": "STKFL",
    "Code Produit": "967385",
    "Température": "Frais",
    "Conditionnement": "Par sachet de 2 kg.",
    "Unité de commande": "sachet",
    "Prix": "3,28 EUR",
    "Prix à l'unité de mesure": "1,64 EUR / kg",
    "Prix à la portion": "",
    "DLC garantie au client": ""
  },
  {
    "Rayon": "Fruits et Légumes",
    "Libellé produit": "Artichaut poivrade. catégorie 1. France",
    "Marque": "STKFL",
    "Code Produit": "967533",
    "Température": "Frais",
    "Conditionnement": "Pièce de 1 kg. Colis de 12 pièces.",
    "Unité de commande": "colis",
    "Prix": "43,79 EUR",
    "Prix à l'unité de mesure": "3,65 EUR / kg",
    "Prix à la portion": "3,65 EUR / pièce",
    "DLC garantie au client": ""
  },
  {
    "Rayon": "Fruits et Légumes",
    "Libellé produit": "Tomate ancienne cotelée bio. catégorie 2 - origine France. colis de 5 kg",
    "Marque": "AFL",
    "Code Produit": "967587",
    "Température": "Frais",
    "Conditionnement": "Par colis de 5 kg.",
    "Unité de commande": "colis",
    "Prix": "19,94 EUR",
    "Prix à l'unité de mesure": "3,99 EUR / kg",
    "Prix à la portion": "",
    "DLC garantie au client": ""
  },
  {
    "Rayon": "Fruits et Légumes",
    "Libellé produit": "Carotte de sable. catégorie 1 - origine France. colis de 5 kg",
    "Marque": "STKFL",
    "Code Produit": "967592",
    "Température": "Frais",
    "Conditionnement": "Par colis de 5 kg.",
    "Unité de commande": "colis",
    "Prix": "9,09 EUR",
    "Prix à l'unité de mesure": "1,82 EUR / kg",
    "Prix à la portion": "",
    "DLC garantie au client": ""
  },
  {
    "Rayon": "Fruits et Légumes",
    "Libellé produit": "Chayotte. catégorie 1. origine -France",
    "Marque": "AFL",
    "Code Produit": "967596",
    "Température": "Frais",
    "Conditionnement": "Par colis de 6 kg.",
    "Unité de commande": "colis",
    "Prix": "25,96 EUR",
    "Prix à l'unité de mesure": "4,33 EUR / kg",
    "Prix à la portion": "",
    "DLC garantie au client": ""
  },
  {
    "Rayon": "Fruits et Légumes",
    "Libellé produit": "Kiwi gold. calibre 33. catégorie 1",
    "Marque": "AFL",
    "Code Produit": "967607",
    "Température": "Frais",
    "Conditionnement": "Pièce de 92 g. Colis de 52 pièces.",
    "Unité de commande": "colis",
    "Prix": "39,99 EUR",
    "Prix à l'unité de mesure": "8,36 EUR / kg",
    "Prix à la portion": "0,77 EUR / pièce",
    "DLC garantie au client": ""
  },
  {
    "Rayon": "Fruits et Légumes",
    "Libellé produit": "Tomate cotelée de Marmande. catégorie 2. France",
    "Marque": "STKFL",
    "Code Produit": "967633",
    "Température": "Frais",
    "Conditionnement": "Par colis de 3.5 kg.",
    "Unité de commande": "colis",
    "Prix": "9,92 EUR",
    "Prix à l'unité de mesure": "2,84 EUR / kg",
    "Prix à la portion": "",
    "DLC garantie au client": ""
  },
  {
    "Rayon": "Fruits et Légumes",
    "Libellé produit": "VERVEINE. SACHET 30 G",
    "Marque": "STKFL",
    "Code Produit": "967635",
    "Température": "Frais",
    "Conditionnement": "Par sachet de 30 g.",
    "Unité de commande": "sachet",
    "Prix": "1,29 EUR",
    "Prix à l'unité de mesure": "43,03 EUR / kg",
    "Prix à la portion": "",
    "DLC garantie au client": ""
  },
  {
    "Rayon": "Épicerie",
    "Libellé produit": "PASTEQUE CUBE. SEAU DE 3 L",
    "Marque": "FRUITY PACK",
    "Code Produit": "967675",
    "Température": "Frais",
    "Conditionnement": "Par seau de 3 litre.",
    "Unité de commande": "seau",
    "Prix": "12,69 EUR",
    "Prix à l'unité de mesure": "4,23 EUR / L",
    "Prix à la portion": "",
    "DLC garantie au client": "5 jour(s)"
  },
  {
    "Rayon": "Fruits et Légumes",
    "Libellé produit": "Navet violet bio. catégorie 2 - origine France. colis de 5 kg",
    "Marque": "STKFL",
    "Code Produit": "967687",
    "Température": "Frais",
    "Conditionnement": "Par colis de 5 kg.",
    "Unité de commande": "colis",
    "Prix": "22,66 EUR",
    "Prix à l'unité de mesure": "4,53 EUR / kg",
    "Prix à la portion": "",
    "DLC garantie au client": ""
  },
  {
    "Rayon": "Fruits et Légumes",
    "Libellé produit": "OYSTER LEAVES. (FEUILLE D'HUITRE)",
    "Marque": "STKFL",
    "Code Produit": "967727",
    "Température": "Frais",
    "Conditionnement": "Par barquette de 20 g.",
    "Unité de commande": "barquette",
    "Prix": "42,06 EUR",
    "Prix à l'unité de mesure": "2102,80 EUR / kg",
    "Prix à la portion": "",
    "DLC garantie au client": ""
  },
  {
    "Rayon": "Fruits et Légumes",
    "Libellé produit": "RACINE CURCUMA. BARQUETTE DE 100 G",
    "Marque": "AFL",
    "Code Produit": "967730",
    "Température": "Frais",
    "Conditionnement": "Par barquette de 100 g.",
    "Unité de commande": "barquette",
    "Prix": "2,47 EUR",
    "Prix à l'unité de mesure": "24,67 EUR / kg",
    "Prix à la portion": "",
    "DLC garantie au client": ""
  },
  {
    "Rayon": "Fruits et Légumes",
    "Libellé produit": "Corbeille fruits secs. 5 personnes. pièce de 1 kg",
    "Marque": "AFL",
    "Code Produit": "967782",
    "Température": "Frais",
    "Conditionnement": "Par pièce de 1 kg.",
    "Unité de commande": "pièce",
    "Prix": "22,47 EUR",
    "Prix à l'unité de mesure": "22,47 EUR / kg",
    "Prix à la portion": "",
    "DLC garantie au client": "10 jour(s)"
  },
  {
    "Rayon": "Fruits et Légumes",
    "Libellé produit": "Corbeille fruits secs. 10 personnes. pièce de 2 kg",
    "Marque": "AFL",
    "Code Produit": "967783",
    "Température": "Frais",
    "Conditionnement": "Par pièce de 2 kg.",
    "Unité de commande": "pièce",
    "Prix": "44,96 EUR",
    "Prix à l'unité de mesure": "22,48 EUR / kg",
    "Prix à la portion": "",
    "DLC garantie au client": "10 jour(s)"
  },
  {
    "Rayon": "Fruits et Légumes",
    "Libellé produit": "CORBEILLE SAISON 15 PERSONNES. PIECE DE 3 KG",
    "Marque": "AFL",
    "Code Produit": "967784",
    "Température": "Frais",
    "Conditionnement": "Par pièce de 3 kg.",
    "Unité de commande": "pièce",
    "Prix": "45,23 EUR",
    "Prix à l'unité de mesure": "15,08 EUR / kg",
    "Prix à la portion": "",
    "DLC garantie au client": ""
  },
  {
    "Rayon": "Fruits et Légumes",
    "Libellé produit": "CORBEILLE SAISON 40 PERSONNES. PIECE DE 10 KG",
    "Marque": "AFL",
    "Code Produit": "967785",
    "Température": "Frais",
    "Conditionnement": "Par pièce de 10 kg.",
    "Unité de commande": "pièce",
    "Prix": "150,76 EUR",
    "Prix à l'unité de mesure": "15,08 EUR / kg",
    "Prix à la portion": "",
    "DLC garantie au client": "10 jour(s)"
  },
  {
    "Rayon": "Fruits et Légumes",
    "Libellé produit": "CORBEILLE SAISON 30 PERSONNES. PIECE DE 6 KG",
    "Marque": "AFL",
    "Code Produit": "967786",
    "Température": "Frais",
    "Conditionnement": "Par pièce de 6 kg.",
    "Unité de commande": "pièce",
    "Prix": "90,46 EUR",
    "Prix à l'unité de mesure": "15,08 EUR / kg",
    "Prix à la portion": "",
    "DLC garantie au client": "10 jour(s)"
  },
  {
    "Rayon": "Fruits et Légumes",
    "Libellé produit": "CORBEILLE SAISON 10 PERSONNES. PIECE DE 2 KG",
    "Marque": "AFL",
    "Code Produit": "967787",
    "Température": "Frais",
    "Conditionnement": "Par pièce de 2 kg.",
    "Unité de commande": "pièce",
    "Prix": "30,15 EUR",
    "Prix à l'unité de mesure": "15,08 EUR / kg",
    "Prix à la portion": "",
    "DLC garantie au client": "7 jour(s)"
  },
  {
    "Rayon": "Fruits et Légumes",
    "Libellé produit": "CORBEILLE SAISON 5 PERSONNES. PIECE DE 1 KG",
    "Marque": "AFL",
    "Code Produit": "967788",
    "Température": "Frais",
    "Conditionnement": "Par pièce de 1 kg.",
    "Unité de commande": "pièce",
    "Prix": "15,08 EUR",
    "Prix à l'unité de mesure": "15,08 EUR / kg",
    "Prix à la portion": "",
    "DLC garantie au client": "10 jour(s)"
  },
  {
    "Rayon": "Fruits et Légumes",
    "Libellé produit": "CORBEILLE V.I.P. 2 PERSONNES. PIECE DE 500 G",
    "Marque": "AFL",
    "Code Produit": "967790",
    "Température": "Frais",
    "Conditionnement": "Par pièce de 500 g.",
    "Unité de commande": "pièce",
    "Prix": "11,25 EUR",
    "Prix à l'unité de mesure": "22,50 EUR / kg",
    "Prix à la portion": "",
    "DLC garantie au client": "10 jour(s)"
  },
  {
    "Rayon": "Fruits et Légumes",
    "Libellé produit": "Banane gourmet détachée. catégorie 1. pièce de 140 - *ct",
    "Marque": "STKFL",
    "Code Produit": "967841",
    "Température": "Frais",
    "Conditionnement": "Pièce de 140 g. Colis de 50 pièces.",
    "Unité de commande": "colis",
    "Prix": "12,75 EUR",
    "Prix à l'unité de mesure": "1,82 EUR / kg",
    "Prix à la portion": "0,26 EUR / pièce",
    "DLC garantie au client": ""
  },
  {
    "Rayon": "Fruits et Légumes",
    "Libellé produit": "Brocolo Rave Cima Bimi. catégorie 1. sachet de 200 g",
    "Marque": "STKFL",
    "Code Produit": "967874",
    "Température": "Frais",
    "Conditionnement": "Par sachet de 200 g.",
    "Unité de commande": "sachet",
    "Prix": "3,17 EUR",
    "Prix à l'unité de mesure": "15,86 EUR / kg",
    "Prix à la portion": "",
    "DLC garantie au client": ""
  },
  {
    "Rayon": "Fruits et Légumes",
    "Libellé produit": "Ciboulette vrac. catégorie 1. colis de 1 kg",
    "Marque": "STKFL",
    "Code Produit": "967911",
    "Température": "Frais",
    "Conditionnement": "Par colis de 1 kg.",
    "Unité de commande": "colis",
    "Prix": "18,57 EUR",
    "Prix à l'unité de mesure": "18,57 EUR / kg",
    "Prix à la portion": "",
    "DLC garantie au client": ""
  },
  {
    "Rayon": "Fruits et Légumes",
    "Libellé produit": "Piment jalapeno vert. catégorie 1",
    "Marque": "AFL",
    "Code Produit": "967914",
    "Température": "Frais",
    "Conditionnement": "Par colis de 2 kg.",
    "Unité de commande": "colis",
    "Prix": "12,72 EUR",
    "Prix à l'unité de mesure": "6,36 EUR / kg",
    "Prix à la portion": "",
    "DLC garantie au client": ""
  },
  {
    "Rayon": "Fruits et Légumes",
    "Libellé produit": "Piment jalapeno rouge. catégorie 1",
    "Marque": "STKFL",
    "Code Produit": "967915",
    "Température": "Frais",
    "Conditionnement": "Par colis de 2 kg.",
    "Unité de commande": "colis",
    "Prix": "22,22 EUR",
    "Prix à l'unité de mesure": "11,11 EUR / kg",
    "Prix à la portion": "",
    "DLC garantie au client": ""
  },
  {
    "Rayon": "Fruits et Légumes",
    "Libellé produit": "Pousse épinard. catégorie 1. France",
    "Marque": "STKFL",
    "Code Produit": "967964",
    "Température": "Frais",
    "Conditionnement": "Par barquette de 1 kg.",
    "Unité de commande": "barquette",
    "Prix": "5,55 EUR",
    "Prix à l'unité de mesure": "5,55 EUR / kg",
    "Prix à la portion": "",
    "DLC garantie au client": "3 jour(s)"
  },
  {
    "Rayon": "Fruits et Légumes",
    "Libellé produit": "Persil frisé. catégorie 1. sachet vrac 1kg",
    "Marque": "STKFL",
    "Code Produit": "967983",
    "Température": "Frais",
    "Conditionnement": "Par colis de 1 kg.",
    "Unité de commande": "colis",
    "Prix": "8,40 EUR",
    "Prix à l'unité de mesure": "8,40 EUR / kg",
    "Prix à la portion": "",
    "DLC garantie au client": ""
  },
  {
    "Rayon": "Fruits et Légumes",
    "Libellé produit": "Corbeille fruits de bouche. 25 personnes. pièce de 5 kg",
    "Marque": "AFL",
    "Code Produit": "968020",
    "Température": "Frais",
    "Conditionnement": "Par pièce de 5 kg.",
    "Unité de commande": "pièce",
    "Prix": "80,54 EUR",
    "Prix à l'unité de mesure": "16,11 EUR / kg",
    "Prix à la portion": "",
    "DLC garantie au client": ""
  },
  {
    "Rayon": "Fruits et Légumes",
    "Libellé produit": "Corbeille grandiose. 8 personnes. pièce de 8 kg",
    "Marque": "AFL",
    "Code Produit": "968099",
    "Température": "Frais",
    "Conditionnement": "Par pièce de 8 kg.",
    "Unité de commande": "pièce",
    "Prix": "120,61 EUR",
    "Prix à l'unité de mesure": "15,08 EUR / kg",
    "Prix à la portion": "",
    "DLC garantie au client": ""
  },
  {
    "Rayon": "Fruits et Légumes",
    "Libellé produit": "Poireau bio. catégorie 2. France",
    "Marque": "AFL",
    "Code Produit": "968123",
    "Température": "Frais",
    "Conditionnement": "Par colis de 5 kg.",
    "Unité de commande": "colis",
    "Prix": "15,53 EUR",
    "Prix à l'unité de mesure": "3,11 EUR / kg",
    "Prix à la portion": "",
    "DLC garantie au client": ""
  },
  {
    "Rayon": "Fruits et Légumes",
    "Libellé produit": "Carotte fane. catégorie 1",
    "Marque": "AFL",
    "Code Produit": "968137",
    "Température": "Frais",
    "Conditionnement": "Pièce de 830 g. Colis de 12 pièces.",
    "Unité de commande": "colis",
    "Prix": "24,55 EUR",
    "Prix à l'unité de mesure": "2,47 EUR / kg",
    "Prix à la portion": "2,05 EUR / pièce",
    "DLC garantie au client": ""
  },
  {
    "Rayon": "Fruits et Légumes",
    "Libellé produit": "Kiwi calibre 46. catégorie 2",
    "Marque": "STKFL",
    "Code Produit": "968139",
    "Température": "Frais",
    "Conditionnement": "Par barquette de 1 kg.",
    "Unité de commande": "barquette",
    "Prix": "4,60 EUR",
    "Prix à l'unité de mesure": "4,60 EUR / kg",
    "Prix à la portion": "",
    "DLC garantie au client": ""
  },
  {
    "Rayon": "Fruits et Légumes",
    "Libellé produit": "Thym laurier sec. catégorie 1 - origine France. sachet de 20 g",
    "Marque": "STKFL",
    "Code Produit": "968150",
    "Température": "Frais",
    "Conditionnement": "Par sachet de 20 g.",
    "Unité de commande": "sachet",
    "Prix": "1,09 EUR",
    "Prix à l'unité de mesure": "54,55 EUR / kg",
    "Prix à la portion": "",
    "DLC garantie au client": ""
  },
  {
    "Rayon": "Fruits et Légumes",
    "Libellé produit": "Patate douce. catégorie 1. colis de 2 kg",
    "Marque": "STKFL",
    "Code Produit": "968179",
    "Température": "Frais",
    "Conditionnement": "Par colis de 2 kg.",
    "Unité de commande": "colis",
    "Prix": "5,05 EUR",
    "Prix à l'unité de mesure": "2,52 EUR / kg",
    "Prix à la portion": "",
    "DLC garantie au client": ""
  },
  {
    "Rayon": "Fruits et Légumes",
    "Libellé produit": "Kumquat. catégorie 1. barquette de 250 g",
    "Marque": "STKFL",
    "Code Produit": "968183",
    "Température": "Frais",
    "Conditionnement": "Barquette de 250 g. Colis de 8 barquettes.",
    "Unité de commande": "colis",
    "Prix": "25,48 EUR",
    "Prix à l'unité de mesure": "12,74 EUR / kg",
    "Prix à la portion": "3,19 EUR / barquette",
    "DLC garantie au client": ""
  },
  {
    "Rayon": "Fruits et Légumes",
    "Libellé produit": "Combava. catégorie 1. barquette de 250 g",
    "Marque": "AFL",
    "Code Produit": "968186",
    "Température": "Frais",
    "Conditionnement": "Par barquette de 250 g. Colis de 8 barquettes.",
    "Unité de commande": "barquette",
    "Prix": "7,93 EUR",
    "Prix à l'unité de mesure": "31,73 EUR / kg",
    "Prix à la portion": "63,46 EUR / colis",
    "DLC garantie au client": ""
  },
  {
    "Rayon": "Fruits et Légumes",
    "Libellé produit": "Carambole. catégorie 1. pièce de 104 g",
    "Marque": "STKFL",
    "Code Produit": "968188",
    "Température": "Frais",
    "Conditionnement": "Pièce de 104 g. Colis de 24 pièces.",
    "Unité de commande": "colis",
    "Prix": "38,09 EUR",
    "Prix à l'unité de mesure": "15,26 EUR / kg",
    "Prix à la portion": "1,59 EUR / pièce",
    "DLC garantie au client": ""
  },
  {
    "Rayon": "Fruits et Légumes",
    "Libellé produit": "MELANGE DUO CRUDITES",
    "Marque": "ROSEE DES CHAMPS",
    "Code Produit": "968459",
    "Température": "Frais",
    "Conditionnement": "Par sachet de 1 kg.",
    "Unité de commande": "sachet",
    "Prix": "3,49 EUR",
    "Prix à l'unité de mesure": "3,49 EUR / kg",
    "Prix à la portion": "",
    "DLC garantie au client": "4 jour(s)"
  },
  {
    "Rayon": "Fruits et Légumes",
    "Libellé produit": "COURGETTE RAPEE",
    "Marque": "ROSEE DES CHAMPS",
    "Code Produit": "968461",
    "Température": "Frais",
    "Conditionnement": "Par sachet de 1 kg.",
    "Unité de commande": "sachet",
    "Prix": "4,95 EUR",
    "Prix à l'unité de mesure": "4,95 EUR / kg",
    "Prix à la portion": "",
    "DLC garantie au client": "3 jour(s)"
  },
  {
    "Rayon": "Fruits et Légumes",
    "Libellé produit": "Chou vert frisé. catégorie",
    "Marque": "STKFL",
    "Code Produit": "968467",
    "Température": "Frais",
    "Conditionnement": "Pièce de 1.666 kg. Colis de 6 pièces.",
    "Unité de commande": "colis",
    "Prix": "10,66 EUR",
    "Prix à l'unité de mesure": "1,07 EUR / kg",
    "Prix à la portion": "1,78 EUR / pièce",
    "DLC garantie au client": ""
  },
  {
    "Rayon": "Fruits et Légumes",
    "Libellé produit": "Betterave jaune. catégorie 1. colis de 5kg",
    "Marque": "AFL",
    "Code Produit": "968480",
    "Température": "Frais",
    "Conditionnement": "Par colis de 5 kg.",
    "Unité de commande": "colis",
    "Prix": "14,86 EUR",
    "Prix à l'unité de mesure": "2,97 EUR / kg",
    "Prix à la portion": "",
    "DLC garantie au client": ""
  },
  {
    "Rayon": "Fruits et Légumes",
    "Libellé produit": "Mini poireau. catégorie 1. barquette de 400g",
    "Marque": "STKFL",
    "Code Produit": "968538",
    "Température": "Frais",
    "Conditionnement": "Par barquette de 400 g.",
    "Unité de commande": "barquette",
    "Prix": "10,96 EUR",
    "Prix à l'unité de mesure": "27,39 EUR / kg",
    "Prix à la portion": "",
    "DLC garantie au client": ""
  },
  {
    "Rayon": "Fruits et Légumes",
    "Libellé produit": "Chou brocoli. catégorie 1. colis 8 kg",
    "Marque": "STKFL",
    "Code Produit": "968614",
    "Température": "Frais",
    "Conditionnement": "Par colis de 8 kg.",
    "Unité de commande": "colis",
    "Prix": "38,63 EUR",
    "Prix à l'unité de mesure": "4,83 EUR / kg",
    "Prix à la portion": "",
    "DLC garantie au client": ""
  },
  {
    "Rayon": "Fruits et Légumes",
    "Libellé produit": "Oignon jaune 80/100. catégorie 1. France",
    "Marque": "STKFL",
    "Code Produit": "968766",
    "Température": "Frais",
    "Conditionnement": "Par colis de 10 kg.",
    "Unité de commande": "colis",
    "Prix": "6,65 EUR",
    "Prix à l'unité de mesure": "0,67 EUR / kg",
    "Prix à la portion": "",
    "DLC garantie au client": ""
  },
  {
    "Rayon": "Fruits et Légumes",
    "Libellé produit": "Pomme de terre. Franceline lavee 35/55. categorie 1",
    "Marque": "STKFL",
    "Code Produit": "968772",
    "Température": "Frais",
    "Conditionnement": "Par filet de 2.5 kg.",
    "Unité de commande": "filet",
    "Prix": "2,78 EUR",
    "Prix à l'unité de mesure": "1,11 EUR / kg",
    "Prix à la portion": "",
    "DLC garantie au client": ""
  },
  {
    "Rayon": "Fruits et Légumes",
    "Libellé produit": "Chou rouge. catégorie 1",
    "Marque": "STKFL",
    "Code Produit": "968855",
    "Température": "Frais",
    "Conditionnement": "Par pièce de 2.5 kg. Colis de 6 pièces.",
    "Unité de commande": "pièce",
    "Prix": "1,90 EUR",
    "Prix à l'unité de mesure": "0,76 EUR / kg",
    "Prix à la portion": "11,39 EUR / colis",
    "DLC garantie au client": ""
  },
  {
    "Rayon": "Fruits et Légumes",
    "Libellé produit": "Mini concombre. catégorie 1",
    "Marque": "STKFL",
    "Code Produit": "968863",
    "Température": "Frais",
    "Conditionnement": "Par colis de 5 kg.",
    "Unité de commande": "colis",
    "Prix": "14,86 EUR",
    "Prix à l'unité de mesure": "2,97 EUR / kg",
    "Prix à la portion": "",
    "DLC garantie au client": ""
  },
  {
    "Rayon": "Fruits et Légumes",
    "Libellé produit": "Betterave crue à cuire. catégorie 1",
    "Marque": "STKFL",
    "Code Produit": "968884",
    "Température": "Frais",
    "Conditionnement": "Par colis de 8 kg.",
    "Unité de commande": "colis",
    "Prix": "15,09 EUR",
    "Prix à l'unité de mesure": "1,89 EUR / kg",
    "Prix à la portion": "",
    "DLC garantie au client": ""
  },
  {
    "Rayon": "Fruits et Légumes",
    "Libellé produit": "Navet long blanc. catégorie 1",
    "Marque": "STKFL",
    "Code Produit": "968893",
    "Température": "Frais",
    "Conditionnement": "Par pièce de 400 g. Colis de 15 pièces.",
    "Unité de commande": "pièce",
    "Prix": "1,80 EUR",
    "Prix à l'unité de mesure": "4,49 EUR / kg",
    "Prix à la portion": "26,94 EUR / colis",
    "DLC garantie au client": ""
  },
  {
    "Rayon": "Fruits et Légumes",
    "Libellé produit": "Fleur courgette male x10. catégorie 1. France",
    "Marque": "AFL",
    "Code Produit": "968934",
    "Température": "Frais",
    "Conditionnement": "Barquette de 150 g. Colis de 4 barquettes.",
    "Unité de commande": "colis",
    "Prix": "48,99 EUR",
    "Prix à l'unité de mesure": "81,65 EUR / kg",
    "Prix à la portion": "12,25 EUR / barquette",
    "DLC garantie au client": ""
  },
  {
    "Rayon": "Fruits et Légumes",
    "Libellé produit": "Champignon girolle mini. catégorie 1",
    "Marque": "AFL",
    "Code Produit": "968952",
    "Température": "Frais",
    "Conditionnement": "Par colis de 1 kg.",
    "Unité de commande": "colis",
    "Prix": "20,61 EUR",
    "Prix à l'unité de mesure": "20,61 EUR / kg",
    "Prix à la portion": "",
    "DLC garantie au client": ""
  },
  {
    "Rayon": "Fruits et Légumes",
    "Libellé produit": "Haricot vert équeuté. catégorie 1",
    "Marque": "STKFL",
    "Code Produit": "968961",
    "Température": "Frais",
    "Conditionnement": "Par barquette de 500 g.",
    "Unité de commande": "barquette",
    "Prix": "3,30 EUR",
    "Prix à l'unité de mesure": "6,59 EUR / kg",
    "Prix à la portion": "",
    "DLC garantie au client": "3 jour(s)"
  },
  {
    "Rayon": "Fruits et Légumes",
    "Libellé produit": "Mini carotte fane orange. catégorie 1",
    "Marque": "STKFL",
    "Code Produit": "968975",
    "Température": "Frais",
    "Conditionnement": "Barquette de 325 g. Colis de 8 barquettes.",
    "Unité de commande": "colis",
    "Prix": "20,21 EUR",
    "Prix à l'unité de mesure": "7,77 EUR / kg",
    "Prix à la portion": "2,53 EUR / barquette",
    "DLC garantie au client": ""
  },
  {
    "Rayon": "Fruits et Légumes",
    "Libellé produit": "Mini carotte fane jaune. catégorie 1",
    "Marque": "STKFL",
    "Code Produit": "968976",
    "Température": "Frais",
    "Conditionnement": "Barquette de 325 g. Colis de 8 barquettes.",
    "Unité de commande": "colis",
    "Prix": "20,21 EUR",
    "Prix à l'unité de mesure": "7,77 EUR / kg",
    "Prix à la portion": "2,53 EUR / barquette",
    "DLC garantie au client": ""
  },
  {
    "Rayon": "Fruits et Légumes",
    "Libellé produit": "Banane P20. catégorie 1",
    "Marque": "STKFL",
    "Code Produit": "968992",
    "Température": "Frais",
    "Conditionnement": "Par colis de 2 kg.",
    "Unité de commande": "colis",
    "Prix": "4,10 EUR",
    "Prix à l'unité de mesure": "2,05 EUR / kg",
    "Prix à la portion": "",
    "DLC garantie au client": ""
  },
  {
    "Rayon": "Fruits et Légumes",
    "Libellé produit": "POIVRON TRICOLORE EMINCE",
    "Marque": "ROSEE DES CHAMPS",
    "Code Produit": "969398",
    "Température": "Frais",
    "Conditionnement": "Par barquette de 1 kg.",
    "Unité de commande": "barquette",
    "Prix": "7,85 EUR",
    "Prix à l'unité de mesure": "7,85 EUR / kg",
    "Prix à la portion": "",
    "DLC garantie au client": "3 jour(s)"
  },
  {
    "Rayon": "Fruits et Légumes",
    "Libellé produit": "CHOU FLEUR FLEURETTE",
    "Marque": "ROSEE DES CHAMPS",
    "Code Produit": "969404",
    "Température": "Frais",
    "Conditionnement": "Par sachet de 1 kg.",
    "Unité de commande": "sachet",
    "Prix": "8,06 EUR",
    "Prix à l'unité de mesure": "8,06 EUR / kg",
    "Prix à la portion": "",
    "DLC garantie au client": "4 jour(s)"
  },
  {
    "Rayon": "Fruits et Légumes",
    "Libellé produit": "Celeri branche. catégorie 1",
    "Marque": "STKFL",
    "Code Produit": "969490",
    "Température": "Frais",
    "Conditionnement": "Par colis de 6 kg.",
    "Unité de commande": "colis",
    "Prix": "12,13 EUR",
    "Prix à l'unité de mesure": "2,02 EUR / kg",
    "Prix à la portion": "",
    "DLC garantie au client": ""
  },
  {
    "Rayon": "Fruits et Légumes",
    "Libellé produit": "Chour vert frise. catégorie 1",
    "Marque": "STKFL",
    "Code Produit": "969501",
    "Température": "Frais",
    "Conditionnement": "Par sachet de 1.66 kg.",
    "Unité de commande": "sachet",
    "Prix": "2,19 EUR",
    "Prix à l'unité de mesure": "1,32 EUR / kg",
    "Prix à la portion": "",
    "DLC garantie au client": ""
  },
  {
    "Rayon": "Fruits et Légumes",
    "Libellé produit": "Feuille combava kaffir. catégorie 1",
    "Marque": "AFL",
    "Code Produit": "969510",
    "Température": "Frais",
    "Conditionnement": "Par sachet de 150 g.",
    "Unité de commande": "sachet",
    "Prix": "9,54 EUR",
    "Prix à l'unité de mesure": "63,57 EUR / kg",
    "Prix à la portion": "",
    "DLC garantie au client": ""
  },
  {
    "Rayon": "Fruits et Légumes",
    "Libellé produit": "Banane plantain jaune. catégorie 1",
    "Marque": "STKFL",
    "Code Produit": "969533",
    "Température": "Frais",
    "Conditionnement": "Par colis de 9 kg.",
    "Unité de commande": "colis",
    "Prix": "21,48 EUR",
    "Prix à l'unité de mesure": "2,39 EUR / kg",
    "Prix à la portion": "",
    "DLC garantie au client": ""
  },
  {
    "Rayon": "Fruits et Légumes",
    "Libellé produit": "Fleur jasmine blossom",
    "Marque": "AFL",
    "Code Produit": "969564",
    "Température": "Frais",
    "Conditionnement": "Barquette de 5 g. Colis de 2 barquettes. Barquette de 25 portions.",
    "Unité de commande": "colis",
    "Prix": "33,24 EUR",
    "Prix à l'unité de mesure": "3323,60 EUR / kg",
    "Prix à la portion": "16,62 EUR / barquette",
    "DLC garantie au client": ""
  },
  {
    "Rayon": "Fruits et Légumes",
    "Libellé produit": "Carotte 20/24 bio. catégorie 2",
    "Marque": "STKFL",
    "Code Produit": "969582",
    "Température": "Frais",
    "Conditionnement": "Par sachet de 1.5 kg. Colis de 8 sachets.",
    "Unité de commande": "sachet",
    "Prix": "3,13 EUR",
    "Prix à l'unité de mesure": "2,09 EUR / kg",
    "Prix à la portion": "25,02 EUR / colis",
    "DLC garantie au client": ""
  },
  {
    "Rayon": "Fruits et Légumes",
    "Libellé produit": "Tomate cerise jaune. catégorie 1. France",
    "Marque": "STKFL",
    "Code Produit": "969606",
    "Température": "Frais",
    "Conditionnement": "Par barquette de 250 g.",
    "Unité de commande": "barquette",
    "Prix": "1,45 EUR",
    "Prix à l'unité de mesure": "5,78 EUR / kg",
    "Prix à la portion": "",
    "DLC garantie au client": ""
  },
  {
    "Rayon": "Épicerie",
    "Libellé produit": "Orange segment. sans sucre. seau de 5.5 l",
    "Marque": "FRUITY PACK",
    "Code Produit": "969869",
    "Température": "Frais",
    "Conditionnement": "Par seau de 5.5 litre.",
    "Unité de commande": "seau",
    "Prix": "24,93 EUR",
    "Prix à l'unité de mesure": "4,53 EUR / L",
    "Prix à la portion": "",
    "DLC garantie au client": "4 jour(s)"
  },
  {
    "Rayon": "Épicerie",
    "Libellé produit": "SALADE EXOTIQUE. SEAU DE 5.5 L",
    "Marque": "FRUITY PACK",
    "Code Produit": "969941",
    "Température": "Frais",
    "Conditionnement": "Par seau de 5.5 litre.",
    "Unité de commande": "seau",
    "Prix": "28,73 EUR",
    "Prix à l'unité de mesure": "5,22 EUR / L",
    "Prix à la portion": "",
    "DLC garantie au client": "5 jour(s)"
  },
  {
    "Rayon": "Fruits et Légumes",
    "Libellé produit": "Raisin blanc sans pépins. catégorie 1",
    "Marque": "STKFL",
    "Code Produit": "969957",
    "Température": "Frais",
    "Conditionnement": "Par barquette de 500 g. Colis de 10 barquettes.",
    "Unité de commande": "barquette",
    "Prix": "2,62 EUR",
    "Prix à l'unité de mesure": "5,24 EUR / kg",
    "Prix à la portion": "26,18 EUR / colis",
    "DLC garantie au client": ""
  },
  {
    "Rayon": "Fruits et Légumes",
    "Libellé produit": "Champignon de Paris émincé. catégorie 1. barquette 250g",
    "Marque": "AFL",
    "Code Produit": "969960",
    "Température": "Frais",
    "Conditionnement": "Par barquette de 250 g.",
    "Unité de commande": "barquette",
    "Prix": "2,03 EUR",
    "Prix à l'unité de mesure": "8,13 EUR / kg",
    "Prix à la portion": "",
    "DLC garantie au client": "3 jour(s)"
  },
  {
    "Rayon": "Fruits et Légumes",
    "Libellé produit": "Mini carotte. catégorie 1. barquette 400g",
    "Marque": "STKFL",
    "Code Produit": "969965",
    "Température": "Frais",
    "Conditionnement": "Barquette de 400 g. Colis de 4 barquettes.",
    "Unité de commande": "colis",
    "Prix": "41,11 EUR",
    "Prix à l'unité de mesure": "25,69 EUR / kg",
    "Prix à la portion": "10,28 EUR / barquette",
    "DLC garantie au client": ""
  },
  {
    "Rayon": "Fruits et Légumes",
    "Libellé produit": "Banane P19. catégorie 1. 110 fruits",
    "Marque": "STKFL",
    "Code Produit": "969981",
    "Température": "Frais",
    "Conditionnement": "Portion de 168.182 g. Colis de 110 portions.",
    "Unité de commande": "colis",
    "Prix": "26,60 EUR",
    "Prix à l'unité de mesure": "1,44 EUR / kg",
    "Prix à la portion": "0,24 EUR / Portion",
    "DLC garantie au client": ""
  },
  {
    "Rayon": "Pâtisserie Biscuiterie Confiserie",
    "Libellé produit": "Nappage miroir diamant",
    "Marque": "CAULLET",
    "Code Produit": "970153",
    "Température": "Ambiant",
    "Conditionnement": "Par seau de 4 kg.",
    "Unité de commande": "seau",
    "Prix": "17,02 EUR",
    "Prix à l'unité de mesure": "4,25 EUR / kg",
    "Prix à la portion": "",
    "DLC garantie au client": "30 jour(s)"
  },
  {
    "Rayon": "Accompagnements Assaisonnement",
    "Libellé produit": "Sauce Vinaigrette Echalote. -Oignons Rouges 1L",
    "Marque": "MAILLE",
    "Code Produit": "970431",
    "Température": "Ambiant",
    "Conditionnement": "Par bouteille de 1 litre. Colis de 6 bouteilles.",
    "Unité de commande": "bouteille",
    "Prix": "11,95 EUR",
    "Prix à l'unité de mesure": "11,95 EUR / L",
    "Prix à la portion": "71,70 EUR / colis",
    "DLC garantie au client": "30 jour(s)"
  },
  {
    "Rayon": "Viandes Volailles Gibier",
    "Libellé produit": "Entrecôte",
    "Marque": "BEAUVALLET RESTAURATION",
    "Code Produit": "970553",
    "Température": "Frais",
    "Conditionnement": "Portion de 300 g. Colis de 6 portions.",
    "Unité de commande": "colis",
    "Prix": "46,08 EUR",
    "Prix à l'unité de mesure": "25,60 EUR / kg",
    "Prix à la portion": "7,68 EUR / Portion",
    "DLC garantie au client": "4 jour(s)"
  },
  {
    "Rayon": "Fruits et Légumes",
    "Libellé produit": "Betterave Chioggia crue. catégorie 1",
    "Marque": "AFL",
    "Code Produit": "970838",
    "Température": "Frais",
    "Conditionnement": "Par colis de 5 kg.",
    "Unité de commande": "colis",
    "Prix": "12,82 EUR",
    "Prix à l'unité de mesure": "2,56 EUR / kg",
    "Prix à la portion": "",
    "DLC garantie au client": ""
  },
  {
    "Rayon": "Fruits et Légumes",
    "Libellé produit": "Panache fruits rouges. catégorie 1. colis 1kg",
    "Marque": "STKFL",
    "Code Produit": "970842",
    "Température": "Frais",
    "Conditionnement": "Par colis de 1 kg.",
    "Unité de commande": "colis",
    "Prix": "26,30 EUR",
    "Prix à l'unité de mesure": "26,30 EUR / kg",
    "Prix à la portion": "",
    "DLC garantie au client": ""
  },
  {
    "Rayon": "Fruits et Légumes",
    "Libellé produit": "Asperge verte 16/24. catégorie 1",
    "Marque": "STKFL",
    "Code Produit": "970968",
    "Température": "Frais",
    "Conditionnement": "Par pièce de 420 g. Colis de 8 pièces.",
    "Unité de commande": "pièce",
    "Prix": "6,62 EUR",
    "Prix à l'unité de mesure": "15,76 EUR / kg",
    "Prix à la portion": "52,96 EUR / colis",
    "DLC garantie au client": ""
  },
  {
    "Rayon": "Fruits et Légumes",
    "Libellé produit": "Mini carotte orange. catégorie 1",
    "Marque": "STKFL",
    "Code Produit": "970969",
    "Température": "Frais",
    "Conditionnement": "Barquette de 400 g. Colis de 4 barquettes.",
    "Unité de commande": "colis",
    "Prix": "41,11 EUR",
    "Prix à l'unité de mesure": "25,69 EUR / kg",
    "Prix à la portion": "10,28 EUR / barquette",
    "DLC garantie au client": ""
  },
  {
    "Rayon": "Fruits et Légumes",
    "Libellé produit": "Mini fenouil. catégorie 1. barquette 400g",
    "Marque": "STKFL",
    "Code Produit": "970982",
    "Température": "Frais",
    "Conditionnement": "Barquette de 400 g. Colis de 4 barquettes.",
    "Unité de commande": "colis",
    "Prix": "43,82 EUR",
    "Prix à l'unité de mesure": "27,39 EUR / kg",
    "Prix à la portion": "10,96 EUR / barquette",
    "DLC garantie au client": ""
  },
  {
    "Rayon": "Fruits et Légumes",
    "Libellé produit": "Igname. catégorie 1. colis 5kg",
    "Marque": "STKFL",
    "Code Produit": "971034",
    "Température": "Frais",
    "Conditionnement": "Par colis de 5 kg.",
    "Unité de commande": "colis",
    "Prix": "23,67 EUR",
    "Prix à l'unité de mesure": "4,73 EUR / kg",
    "Prix à la portion": "",
    "DLC garantie au client": ""
  },
  {
    "Rayon": "Fruits et Légumes",
    "Libellé produit": "Manioc. catégorie 1. colis 5kg",
    "Marque": "STKFL",
    "Code Produit": "971035",
    "Température": "Frais",
    "Conditionnement": "Par colis de 5 kg.",
    "Unité de commande": "colis",
    "Prix": "17,57 EUR",
    "Prix à l'unité de mesure": "3,51 EUR / kg",
    "Prix à la portion": "",
    "DLC garantie au client": ""
  },
  {
    "Rayon": "Fruits et Légumes",
    "Libellé produit": "Ananas B10 bio. catégorie 2. pièces de 1kg environ",
    "Marque": "AFL",
    "Code Produit": "971046",
    "Température": "Frais",
    "Conditionnement": "Pièce de 1 kg. Colis de 10 pièces.",
    "Unité de commande": "colis",
    "Prix": "34,45 EUR",
    "Prix à l'unité de mesure": "3,45 EUR / kg",
    "Prix à la portion": "3,45 EUR / pièce",
    "DLC garantie au client": ""
  },
  {
    "Rayon": "Fruits et Légumes",
    "Libellé produit": "Celeri branche. catégorie 1",
    "Marque": "STKFL",
    "Code Produit": "971188",
    "Température": "Frais",
    "Conditionnement": "Par pièce de 700 g. Colis de 10 pièces.",
    "Unité de commande": "pièce",
    "Prix": "1,82 EUR",
    "Prix à l'unité de mesure": "2,60 EUR / kg",
    "Prix à la portion": "18,20 EUR / colis",
    "DLC garantie au client": ""
  },
  {
    "Rayon": "Fruits et Légumes",
    "Libellé produit": "RADIS LONG EQUEUTE",
    "Marque": "ROSEE DES CHAMPS",
    "Code Produit": "971211",
    "Température": "Frais",
    "Conditionnement": "Par sachet de 1 kg.",
    "Unité de commande": "sachet",
    "Prix": "5,35 EUR",
    "Prix à l'unité de mesure": "5,35 EUR / kg",
    "Prix à la portion": "",
    "DLC garantie au client": "4 jour(s)"
  },
  {
    "Rayon": "Fruits et Légumes",
    "Libellé produit": "FENOUIL EMINCE",
    "Marque": "ROSEE DES CHAMPS",
    "Code Produit": "971216",
    "Température": "Frais",
    "Conditionnement": "Par sachet de 1 kg.",
    "Unité de commande": "sachet",
    "Prix": "5,62 EUR",
    "Prix à l'unité de mesure": "5,62 EUR / kg",
    "Prix à la portion": "",
    "DLC garantie au client": "4 jour(s)"
  },
  {
    "Rayon": "Fruits et Légumes",
    "Libellé produit": "BETTERAVE CRUE RAPEE. BARQUETTE DE 1KG",
    "Marque": "ROSEE DES CHAMPS",
    "Code Produit": "971218",
    "Température": "Frais",
    "Conditionnement": "Par barquette de 1 kg.",
    "Unité de commande": "barquette",
    "Prix": "3,43 EUR",
    "Prix à l'unité de mesure": "3,43 EUR / kg",
    "Prix à la portion": "",
    "DLC garantie au client": "4 jour(s)"
  },
  {
    "Rayon": "Fruits et Légumes",
    "Libellé produit": "Noix de coco. catégorie 1. pièce de 600g",
    "Marque": "STKFL",
    "Code Produit": "971248",
    "Température": "Frais",
    "Conditionnement": "Pièce de 600 g. Colis de 15 pièces.",
    "Unité de commande": "colis",
    "Prix": "20,63 EUR",
    "Prix à l'unité de mesure": "2,29 EUR / kg",
    "Prix à la portion": "1,38 EUR / pièce",
    "DLC garantie au client": ""
  },
  {
    "Rayon": "Fruits et Légumes",
    "Libellé produit": "MINI BETTERAVE ROUGE. CATEGORIE 1",
    "Marque": "STKFL",
    "Code Produit": "971340",
    "Température": "Frais",
    "Conditionnement": "Barquette de 400 g. Colis de 4 barquettes.",
    "Unité de commande": "colis",
    "Prix": "49,24 EUR",
    "Prix à l'unité de mesure": "30,78 EUR / kg",
    "Prix à la portion": "12,31 EUR / barquette",
    "DLC garantie au client": ""
  },
  {
    "Rayon": "Fruits et Légumes",
    "Libellé produit": "MINI NAVET. CATEGORIE 1",
    "Marque": "STKFL",
    "Code Produit": "971341",
    "Température": "Frais",
    "Conditionnement": "Barquette de 400 g. Colis de 4 barquettes.",
    "Unité de commande": "colis",
    "Prix": "43,82 EUR",
    "Prix à l'unité de mesure": "27,39 EUR / kg",
    "Prix à la portion": "10,96 EUR / barquette",
    "DLC garantie au client": ""
  },
  {
    "Rayon": "Fruits et Légumes",
    "Libellé produit": "Ananas sweet B9. catégorie 1",
    "Marque": "STKFL",
    "Code Produit": "971376",
    "Température": "Frais",
    "Conditionnement": "Pièce de 1.28 kg. Colis de 9 pièces.",
    "Unité de commande": "colis",
    "Prix": "15,59 EUR",
    "Prix à l'unité de mesure": "1,35 EUR / kg",
    "Prix à la portion": "1,73 EUR / pièce",
    "DLC garantie au client": ""
  },
  {
    "Rayon": "Fruits et Légumes",
    "Libellé produit": "Oignon jaune  60/80. catégorie 1. France",
    "Marque": "STKFL",
    "Code Produit": "971400",
    "Température": "Frais",
    "Conditionnement": "Par filet de 5 kg.",
    "Unité de commande": "filet",
    "Prix": "2,85 EUR",
    "Prix à l'unité de mesure": "0,57 EUR / kg",
    "Prix à la portion": "",
    "DLC garantie au client": ""
  },
  {
    "Rayon": "Fruits et Légumes",
    "Libellé produit": "Mangue avion. catégorie 1",
    "Marque": "AFL",
    "Code Produit": "971401",
    "Température": "Frais",
    "Conditionnement": "Pièce de 450 g. Colis de 12 pièces.",
    "Unité de commande": "colis",
    "Prix": "48,60 EUR",
    "Prix à l'unité de mesure": "9,00 EUR / kg",
    "Prix à la portion": "4,05 EUR / pièce",
    "DLC garantie au client": ""
  },
  {
    "Rayon": "Fruits et Légumes",
    "Libellé produit": "Orange jus valencia 7/8. catégorie 1. colis de 15kg",
    "Marque": "STKFL",
    "Code Produit": "971438",
    "Température": "Frais",
    "Conditionnement": "Par colis de 15 kg.",
    "Unité de commande": "colis",
    "Prix": "25,44 EUR",
    "Prix à l'unité de mesure": "1,70 EUR / kg",
    "Prix à la portion": "",
    "DLC garantie au client": ""
  },
  {
    "Rayon": "Fruits et Légumes",
    "Libellé produit": "Pomme Golden 170/200. catégorie 1. France",
    "Marque": "STKFL",
    "Code Produit": "971469",
    "Température": "Frais",
    "Conditionnement": "Portion de 178.571 g. Colis de 70 portions.",
    "Unité de commande": "colis",
    "Prix": "23,06 EUR",
    "Prix à l'unité de mesure": "1,85 EUR / kg",
    "Prix à la portion": "0,33 EUR / Portion",
    "DLC garantie au client": ""
  },
  {
    "Rayon": "Fruits et Légumes",
    "Libellé produit": "Batavia. catégorie 1. France",
    "Marque": "STKFL",
    "Code Produit": "971489",
    "Température": "Frais",
    "Conditionnement": "Pièce de 300 g. Colis de 12 pièces.",
    "Unité de commande": "colis",
    "Prix": "11,69 EUR",
    "Prix à l'unité de mesure": "3,25 EUR / kg",
    "Prix à la portion": "0,97 EUR / pièce",
    "DLC garantie au client": ""
  },
  {
    "Rayon": "Fruits et Légumes",
    "Libellé produit": "Ciboulette flow pack. catégorie 1. France",
    "Marque": "STKFL",
    "Code Produit": "971506",
    "Température": "Frais",
    "Conditionnement": "Par sachet de 100 g.",
    "Unité de commande": "sachet",
    "Prix": "2,20 EUR",
    "Prix à l'unité de mesure": "21,96 EUR / kg",
    "Prix à la portion": "",
    "DLC garantie au client": ""
  },
  {
    "Rayon": "Fruits et Légumes",
    "Libellé produit": "Fleur courgette femelle x10. catégorie 1. France",
    "Marque": "AFL",
    "Code Produit": "971538",
    "Température": "Frais",
    "Conditionnement": "Barquette de 150 g. Colis de 4 barquettes.",
    "Unité de commande": "colis",
    "Prix": "54,42 EUR",
    "Prix à l'unité de mesure": "90,69 EUR / kg",
    "Prix à la portion": "13,60 EUR / barquette",
    "DLC garantie au client": ""
  },
  {
    "Rayon": "Fruits et Légumes",
    "Libellé produit": "Champignon blanc paris pc. catégorie 1. France",
    "Marque": "STKFL",
    "Code Produit": "971545",
    "Température": "Frais",
    "Conditionnement": "Par colis de 1 kg.",
    "Unité de commande": "colis",
    "Prix": "6,05 EUR",
    "Prix à l'unité de mesure": "6,05 EUR / kg",
    "Prix à la portion": "",
    "DLC garantie au client": ""
  },
  {
    "Rayon": "Fruits et Légumes",
    "Libellé produit": "Champignon brun paris pc. catégorie 1. France",
    "Marque": "STKFL",
    "Code Produit": "971546",
    "Température": "Frais",
    "Conditionnement": "Par colis de 1 kg.",
    "Unité de commande": "colis",
    "Prix": "6,05 EUR",
    "Prix à l'unité de mesure": "6,05 EUR / kg",
    "Prix à la portion": "",
    "DLC garantie au client": ""
  },
  {
    "Rayon": "Fruits et Légumes",
    "Libellé produit": "Trévise. catégorie 1",
    "Marque": "STKFL",
    "Code Produit": "971578",
    "Température": "Frais",
    "Conditionnement": "Par colis de 3.8 kg.",
    "Unité de commande": "colis",
    "Prix": "19,02 EUR",
    "Prix à l'unité de mesure": "5,01 EUR / kg",
    "Prix à la portion": "",
    "DLC garantie au client": ""
  },
  {
    "Rayon": "Fruits et Légumes",
    "Libellé produit": "Oignon jaune 60/80. catégorie 1. France",
    "Marque": "STKFL",
    "Code Produit": "972546",
    "Température": "Frais",
    "Conditionnement": "Par colis de 10 kg.",
    "Unité de commande": "colis",
    "Prix": "5,56 EUR",
    "Prix à l'unité de mesure": "0,56 EUR / kg",
    "Prix à la portion": "",
    "DLC garantie au client": ""
  },
  {
    "Rayon": "Fruits et Légumes",
    "Libellé produit": "Persil plat. catégorie 1. barquette 200g",
    "Marque": "STKFL",
    "Code Produit": "977535",
    "Température": "Frais",
    "Conditionnement": "Par barquette de 200 g.",
    "Unité de commande": "barquette",
    "Prix": "4,94 EUR",
    "Prix à l'unité de mesure": "24,68 EUR / kg",
    "Prix à la portion": "",
    "DLC garantie au client": ""
  },
  {
    "Rayon": "Fruits et Légumes",
    "Libellé produit": "Basilic. catégorie 1. barquette 200g",
    "Marque": "STKFL",
    "Code Produit": "977537",
    "Température": "Frais",
    "Conditionnement": "Par barquette de 200 g.",
    "Unité de commande": "barquette",
    "Prix": "5,21 EUR",
    "Prix à l'unité de mesure": "26,03 EUR / kg",
    "Prix à la portion": "",
    "DLC garantie au client": ""
  },
  {
    "Rayon": "Charcuterie Traiteur",
    "Libellé produit": "Lardon cuit fumé vpf",
    "Marque": "",
    "Code Produit": "980182",
    "Température": "Frais",
    "Conditionnement": "Par barquette de 1 kg. Colis de 6 barquettes.",
    "Unité de commande": "barquette",
    "Prix": "9,56 EUR",
    "Prix à l'unité de mesure": "9,56 EUR / kg",
    "Prix à la portion": "57,36 EUR / colis",
    "DLC garantie au client": "7 jour(s)"
  },
  {
    "Rayon": "Accompagnements Assaisonnement",
    "Libellé produit": "Penne rigate",
    "Marque": "DE CECCO",
    "Code Produit": "980402",
    "Température": "Ambiant",
    "Conditionnement": "Par sac de 3 kg. Colis de 4 sacs.",
    "Unité de commande": "sac",
    "Prix": "9,16 EUR",
    "Prix à l'unité de mesure": "3,05 EUR / kg",
    "Prix à la portion": "36,62 EUR / colis",
    "DLC garantie au client": "30 jour(s)"
  },
  {
    "Rayon": "Accompagnements Assaisonnement",
    "Libellé produit": "Orecchiette",
    "Marque": "DE CECCO",
    "Code Produit": "980404",
    "Température": "Ambiant",
    "Conditionnement": "Par sac de 3 kg. Colis de 4 sacs.",
    "Unité de commande": "sac",
    "Prix": "10,34 EUR",
    "Prix à l'unité de mesure": "3,45 EUR / kg",
    "Prix à la portion": "41,35 EUR / colis",
    "DLC garantie au client": "30 jour(s)"
  },
  {
    "Rayon": "Accompagnements Assaisonnement",
    "Libellé produit": "Farfalle",
    "Marque": "DE CECCO",
    "Code Produit": "980405",
    "Température": "Ambiant",
    "Conditionnement": "Par sac de 3 kg. Colis de 4 sacs.",
    "Unité de commande": "sac",
    "Prix": "10,34 EUR",
    "Prix à l'unité de mesure": "3,45 EUR / kg",
    "Prix à la portion": "41,35 EUR / colis",
    "DLC garantie au client": "30 jour(s)"
  },
  {
    "Rayon": "Accompagnements Assaisonnement",
    "Libellé produit": "Linguine",
    "Marque": "DE CECCO",
    "Code Produit": "980406",
    "Température": "Ambiant",
    "Conditionnement": "Par sac de 3 kg. Colis de 4 sacs.",
    "Unité de commande": "sac",
    "Prix": "9,08 EUR",
    "Prix à l'unité de mesure": "3,03 EUR / kg",
    "Prix à la portion": "36,31 EUR / colis",
    "DLC garantie au client": "30 jour(s)"
  },
  {
    "Rayon": "Accompagnements Assaisonnement",
    "Libellé produit": "Fusilli",
    "Marque": "DE CECCO",
    "Code Produit": "980407",
    "Température": "Ambiant",
    "Conditionnement": "Par sac de 3 kg. Colis de 4 sacs.",
    "Unité de commande": "sac",
    "Prix": "9,65 EUR",
    "Prix à l'unité de mesure": "3,22 EUR / kg",
    "Prix à la portion": "38,59 EUR / colis",
    "DLC garantie au client": "30 jour(s)"
  },
  {
    "Rayon": "Épicerie",
    "Libellé produit": "nutella",
    "Marque": "NUTELLA",
    "Code Produit": "980987",
    "Température": "Ambiant",
    "Conditionnement": "Par pot de 750 g. Colis de 6 pots.",
    "Unité de commande": "pot",
    "Prix": "9,00 EUR",
    "Prix à l'unité de mesure": "12,00 EUR / kg",
    "Prix à la portion": "54,01 EUR / colis",
    "DLC garantie au client": "30 jour(s)"
  },
  {
    "Rayon": "Fruits et Légumes",
    "Libellé produit": "Salade iceberg. catégorie 1",
    "Marque": "STKFL",
    "Code Produit": "981350",
    "Température": "Frais",
    "Conditionnement": "Par pièce de 300 g. Colis de 10 pièces.",
    "Unité de commande": "pièce",
    "Prix": "0,84 EUR",
    "Prix à l'unité de mesure": "2,79 EUR / kg",
    "Prix à la portion": "8,38 EUR / colis",
    "DLC garantie au client": ""
  },
  {
    "Rayon": "Poissons Coquillages Crustacés",
    "Libellé produit": "Bulots cuits. s/atmosphère modifiée",
    "Marque": "",
    "Code Produit": "998969",
    "Température": "Frais",
    "Conditionnement": "Par barquette de 1 kg.",
    "Unité de commande": "barquette",
    "Prix": "10,00 EUR",
    "Prix à l'unité de mesure": "10,00 EUR / kg",
    "Prix à la portion": "",
    "DLC garantie au client": "5 jour(s)"
  },
  {
    "Rayon": "Poissons Coquillages Crustacés",
    "Libellé produit": "Moule de Hollande PAC",
    "Marque": "",
    "Code Produit": "998973",
    "Température": "Frais",
    "Conditionnement": "Par barquette de 2 kg.",
    "Unité de commande": "barquette",
    "Prix": "6,00 EUR",
    "Prix à l'unité de mesure": "3,00 EUR / kg",
    "Prix à la portion": "",
    "DLC garantie au client": "2 jour(s)"
  }
]